@inproceedings{Diaz-Aviles2012,
address = {New York, New York, USA},
author = {Diaz-Aviles, Ernesto and Drumond, Lucas and Schmidt-Thieme, Lars and Nejdl, Wolfgang},
booktitle = {Proceedings of the sixth ACM conference on Recommender systems - RecSys '12},
doi = {10.1145/2365952.2365968},
file = {:C$\backslash$:/Users/i070192/Dropbox/Documents/PhD TelecomParisTech - EURECOM - France 2012-2015/Papers/Social Networks/Real-Time Top-N Recommendation In Social Streams.pdf:pdf},
isbn = {9781450312707},
keywords = {collaborative filtering,line learning,matrix factorization,on-,ranking,selective sampling,twitter},
pages = {59},
publisher = {ACM Press},
title = {{Real-time top-n recommendation in social streams}},
url = {http://dl.acm.org/citation.cfm?id=2365968 http://dl.acm.org/citation.cfm?doid=2365952.2365968},
year = {2012}
}
@article{Zanardi2008,
author = {Zanardi, Valentina and Capra, L},
file = {:C$\backslash$:/Users/i070192/Dropbox/Documents/PhD TelecomParisTech - EURECOM - France 2012-2015/Papers/Social Networks/Tag Based Systems/Social Ranking Uncovering Relevant Content Using Tag-Based Recommender Systems.pdf:pdf},
journal = {ACM conference on Recommender systems},
title = {{Social ranking: uncovering relevant content using tag-based recommender systems}},
url = {http://dl.acm.org/citation.cfm?id=1454018},
year = {2008}
}
@article{Preotiuc-Pietro2012,
author = {Preotiuc-Pietro, D and Samangooei, S},
file = {:C$\backslash$:/Users/i070192/Dropbox/Documents/PhD TelecomParisTech - EURECOM - France 2012-2015/Papers/Social Networks/Trendminer - An Architecture For Real Time Analysis Of Social Media Text.pdf:pdf},
journal = {AAAI Publications, Sixth International AAAI Conference on Weblogs and Social Media},
pages = {4--7},
title = {{Trendminer: An architecture for real time analysis of social media text}},
url = {http://www.aaai.org/ocs/index.php/ICWSM/ICWSM12/paper/download/4739/5087},
year = {2012}
}
@article{Cantador2011,
author = {Cantador, Iv\'{a}n and Bellog\'{\i}n, Alejandro},
file = {:C$\backslash$:/Users/i070192/Dropbox/Documents/PhD TelecomParisTech - EURECOM - France 2012-2015/Papers/Social Networks/Tag Based Systems/Semantic Contextualisation Of Social Tag-Based Profiles And Item Recommendations.pdf:pdf},
journal = {E-Commerce and Web \ldots},
keywords = {ambiguity,clustering,folksonomy,recommender systems,semantic contextualisation,social tagging,user modelling},
number = {2},
title = {{Semantic contextualisation of social tag-based profiles and item recommendations}},
url = {http://link.springer.com/chapter/10.1007/978-3-642-23014-1\_9},
year = {2011}
}
@inproceedings{Bakshy2012,
address = {New York, New York, USA},
author = {Bakshy, Eytan and Rosenn, Itamar and Marlow, Cameron and Adamic, Lada},
booktitle = {Proceedings of the 21st international conference on World Wide Web - WWW '12},
doi = {10.1145/2187836.2187907},
file = {:C$\backslash$:/Users/i070192/Dropbox/Documents/PhD TelecomParisTech - EURECOM - France 2012-2015/Papers/Social Networks/Mining Twitter/The Role of Social Networks in Information Diffusion.pdf:pdf},
isbn = {9781450312295},
pages = {519},
publisher = {ACM Press},
title = {{The role of social networks in information diffusion}},
url = {http://dl.acm.org/citation.cfm?doid=2187836.2187907},
year = {2012}
}
@inproceedings{Pennacchiotti2011,
address = {New York, New York, USA},
author = {Pennacchiotti, Marco and Gurumurthy, Siva},
booktitle = {WWW11},
doi = {10.1145/1963192.1963244},
file = {:C$\backslash$:/Users/i070192/Dropbox/Documents/PhD TelecomParisTech - EURECOM - France 2012-2015/Papers/Social Networks/Investigating Topic Models For Social Media User Recommendation.pdf:pdf},
isbn = {9781450306379},
keywords = {lda,social media,topic models,user recommendation},
pages = {101},
publisher = {ACM Press},
title = {{Investigating topic models for social media user recommendation}},
url = {http://dl.acm.org/citation.cfm?id=1963244 http://portal.acm.org/citation.cfm?doid=1963192.1963244},
year = {2011}
}
@article{Khrouf2012,
author = {Khrouf, Houda and Atemezing, Ghislain and Rizzo, Giuseppe},
file = {:C$\backslash$:/Users/i070192/Dropbox/Documents/PhD TelecomParisTech - EURECOM - France 2012-2015/Papers/Social Networks/Aggregating Social Media For Enhancing Conference Experiences.pdf:pdf},
journal = {Proceedings of the 1st Int. Workshop on Real-Time Analysis and Mining of Social Streams},
title = {{Aggregating Social Media for Enhancing Conference Experiences}},
url = {http://www.aaai.org/ocs/index.php/ICWSM/ICWSM12/paper/viewFile/4779/5086},
year = {2012}
}
