@inproceedings{Lalithsena:WI:13,
author        = {S. Lalithsena and P. Hitzler and A. Sheth and P. Jain},
title         = {{Automatic Domain Identification for Linked Open Data}},
booktitle     = {IEEE/WIC/ACM International Joint Conferences on Web Intelligence (WI) and Intelligent Agent Technologies (IAT)},
year          = {2013},
pages         = {205--212}
}

@inproceedings{Li:WISM:12,
author        = {Huiying Li},
title         = {{Data Profiling for Semantic Web Data}},
booktitle     = {International Conference on Web Information Systems and Mining (WISM)},
year          = {2012},
pages         = {472--479}
}

@inproceedings{Fetahu:ESWC:14,
author        = {Besnik Fetahu and Stefan Dietze and Bernardo {Pereira Nunes} and Marco {Antonio Casanova} and Davide Taibi and Wolfgang Nejdl},
title         = {{A Scalable Approach for Efficiently Generating Structured Dataset Topic Profiles}},
booktitle     = {11$^{th}$ European Semantic Web Conference (ESWC)},
year          = {2014}
}

@inproceedings{Frosterus:ESWC:11,
author        = {Matias Frosterus and Eero Hyv\"{o}nen and Joonas Laitio},
title         = {{DataFinland - A Semantic Portal for Open and Linked Datasets}},
booktitle     = {8$^{th}$ Extended Semantic Web Conference (ESWC)},
year          = {2011},
pages         = {243--254}
}

@inproceedings{Bohm:CIKM:12,
author        = {Christoph B\"{o}hm and Gjergji Kasneci and Felix Naumann},
title         = {{Latent Topics in Graph-structured Data}},
booktitle     = {21$^{st}$ ACM International Conference on Information and Knowledge Management (CIKM)},
year          = {2012},
address       = {Maui, Hawaii, USA},
pages         = {2663--2666}
}

@inproceedings{Jentzsch:ISWC:14,
author        = {Anja Jentzsch},
title         = {{Profiling the Web of Data}},
booktitle     = {13$^{th}$ International Semantic Web Conference (ISWC), Doctoral Consortium},
year          = {2014},
address       = {Trentino, Italy}
}

@inproceedings{Cyganiak:ESWC:08,
author        = {Richard Cyganiak and Holger Stenzhorn and Renaud Delbru and Stefan Decker and Giovanni Tummarello},
title         = {{Semantic Sitemaps: Efficient and Flexible Access to Datasets on the Semantic Web}},
booktitle     = {5$^{th}$ European Semantic Web Conference (ESWC)},
year          = {2008},
address       = {Tenerife, Spain},
pages         = {690--704}
}

@inproceedings{Lanegger:DEXA:09,
author        = {Andreas Langegger and Wolfram Woss},
title         = {{RDFStats - An Extensible RDF Statistics Generator and Library}},
booktitle     = {20$^{th}$ International Workshop on Database and Expert Systems Application (DEXA)},
year          = {2009},
pages         = {79--83}
}

@inproceedings{Khatchadourian:ESWC:10,
author        = {Shahan Khatchadourian and Mariano P. Consens},
title         = {{ExpLOD: Summary-based Exploration of Interlinking and RDF Usage in the Linked Open Data Cloud}},
booktitle     = {7$^{th}$ Extended Semantic Web Conference (ESWC)},
year          = {2010},
address       = {Heraklion, Greece},
pages         = {272--287}
}

@inproceedings{Auer:EKAW:12,
author        = {S\"{o}ren Auer and Jan Demter and Michael Martin and Jens Lehmann},
title         = {{LODStats - an Extensible Framework for High-performance Dataset Analytics}},
booktitle     = {18$^{th}$ International Conference on Knowledge Engineering and Knowledge Management (EKAW)},
year          = {2012},
address       = {Galway, Ireland},
pages         = {353--362}
}

@inproceedings{Makela:ESWC:14,
author        = {Eetu M\"{a}kel\"{a}},
title         = {{Aether - Generating and Viewing Extended VoID Statistical Descriptions of RDF Datasets}},
booktitle     = {11$^{th}$ European Semantic Web Conference (ESWC), Demo Track},
year          = {2014},
address       = {Heraklion, Greece}
}

@inproceedings{Forchhammer:PROFILES:14,
author        = {Benedikt Forchhammer and Anja Jentzsch and Felix Naumann},
title         = {{LODOP - Multi-Query Optimization for Linked Data Profiling Queries}},
booktitle     = {International Workshop on Dataset PROFIling and fEderated Search for Linked Data (PROFILES)},
year          = {2014},
address       = {Heraklion, Greece}
}

@inproceedings{Kaafer:ESWC:13,
author        = {Tobias K\"{a}fer and Ahmed Abdelrahman and J\"{u}rgen Umbrich and Patrick O'Byrne and Aidan Hogan},
title         = {{Observing Linked Data Dynamics}},
booktitle     = {10$^{th}$ European Semantic Web Conference (ESWC)},
year          = {2013}
}

@inproceedings{Abedjan:ICDE:14,
author        = {Z. Abedjan and T. Gruetze and A. Jentzsch and F. Naumann},
title         = {{Profiling and mining RDF data with ProLOD++}},
booktitle     = {30$^{th}$ IEEE International Conference on Data Engineering (ICDE)},
year          = {2014},
pages         = {1198--1201}
}

@inproceedings{Ernesto:RecSys:12,
author        = {Diaz-Aviles Ernesto and Drumond Lucas and Schmidt-Thieme Lars and Nejdl Wolfgang},
booktitle     = {6$^{th}$ ACM conference on Recommender systems - RecSys},
title         = {{Real-time top-n recommendation in social streams}},
year          = {2012}
}

@inproceedings{Zanardi:RecSys:08,
author        = {Zanardi Valentina and Capra L},
booktitle     = {2$^{nd}$ ACM conference on Recommender systems - RecSys},
title         = {{Social ranking: uncovering relevant content using tag-based recommender systems}},
year          = {2008}
}

@inproceedings{Preotiuc-Pietro:ICWSM:12,
author        = {Daniel Preotiuc-Pietro and Sina Samangooei and Trevor Cohn and Nicholas Gibbins and Mahesan Niranjan},
booktitle     = {6$^{th}$ International AAAI Conference on Weblogs and Social Media (ICWSM)},
title         = {{Trendminer: An architecture for real time analysis of social media text}},
year          = {2012}
}

@inproceedings{Cantador:EC-WEB:11,
author        = {Cantador Iv\'{a}n and Bellog\'{\i}n Alejandro},
booktitle     = {12$^{th}$ Internationl Conference on E-Commerce and Web Technolgoies},
title         = {{Semantic contextualisation of social tag-based profiles and item recommendations}},
year          = {2011}
}

@inproceedings{Bakshy:WWW:12,
author        = {Bakshy Eytan and Rosenn Itamar and Marlow Cameron and Adamic Lada},
title         = {{The role of social networks in information diffusion}},
booktitle     = {21$^{th}$ International Conference on World Wide Web (WWW'12)},
year          = {2012}
}

@inproceedings{Pennacchiotti:WWW:11,
author        = {Pennacchiotti Marco and Gurumurthy Siva},
booktitle     = {20$^{th}$ International Conference on World Wide Web (WWW'11)},
title         = {{Investigating topic models for social media user recommendation}},
year          = {2011}
}

@inproceedings{Khrouf:AAAI:12,
author        = {Khrouf Houda and Atemezing Ghislain and Rizzo Giuseppe and Rapha\"{e}l Troncy},
booktitle     = {1$^{st}$ Internationl Workshop on Real-Time Analysis and Mining of Social Streams},
title         = {{Aggregating Social Media for Enhancing Conference Experiences}},
year          = {2012}
}

@inproceedings{Bizer:DB:11,
author        = {Bizer Christian},
title         = {{Evolving the Web into a Global Data Space}},
booktitle     = {28$^{th}$ British National Conference on Advances in Databases},
year          = {2011}
}

@inproceedings{Brummer::ICSS:14,
author        = {Br\"{u}mmer Martin and Baron Ciro and Ermilov Ivan and Freudenberg Markus and Kontokostas Dimitris and Hellmann Sebastian},
title         = {{DataID: Towards Semantically Rich Metadata for Complex Datasets}},
booktitle     = {10$^{th}$ International Conference on Semantic Systems},
year          = {2014}
}

@inproceedings{Hausenblas:ESWC:09,
author        = {Hausenblas Michael and Halb Wolfgang and Raimond Yves and Feigenbaum Lee and Ayers Danny},
booktitle     = {ESWC},
title         = {{SCOVO: Using Statistics on the Web of Data}},
year          = {2009}
}

@inproceedings{Debattista:WWW:14,
author        = {Jeremy Debattista and Christoph Lange and S{\"{o}}ren Auer},
title         = {{daQ, an Ontology for Dataset Quality Information}},
booktitle     = {Workshop on Linked Data on the Web co-located with the 23$^{rd}$ International World Wide Web Conference {(WWW} 2014)},
year          = {2014}
}

@misc{Erickson:DCV:14,
author        = {Maali Fadi and Erickson John},
title         = {{Data Catalog Vocabulary (DCAT)}},
howpublished  = {W3C Recommendation},
note          = {\url{http://www.w3.org/TR/vocab-dcat/}},
year          = {2014}
}

@misc{Prateek:Misc:13,
title         = {{There's No Money in Linked Data}},
author        = {Prateek Jain and Pascal Hitzler and Krzysztof Janowicz and Chitra Venkatramani},
year          = {2013},
note          = {\url{http://knoesis.wright.edu/faculty/pascal/pub/nomoneylod.pdf}}
}

@article{Boyd:Article:11,
author        = {Boyd, D and Crawford, Kate},
journal       = {A Decade in Internet Time: Symposium on the Dynamics of the Internet and Society},
title         = {{Six provocations for big data}},
year          = {2011}
}

@article{Bizer:WebSemJorunal:09,
author        = {Bizer Christian and Lehmann Jens and Kobilarov Georgi and Auer S\"{o}ren and Becker Christian and Cyganiak Richard and Hellmann Sebastian},
title         = {{DBpedia - A Crystallization Point for the Web of Data}},
journal       = {Journal of Web Semantics},
volume        = {7},
number        = {3},
year          = {2009}
}

@techReport{Graham:techReport:11,
author        = {Graham Vickery},
title         = {{Review of Recent Studies on PSI-use and Related Market Developments}},
institution   = {EC DG Information Society},
year          = {2011}
}

@techReport{NISO:techReport:04,
author        = {NISO Press},
title         = {{Understanding Metadata}},
institution   = {National Information Standards Organization},
year          = {2004}
}

@article{Bohm:WebSemJournal:11,
author        = {B\"{o}Hm Christoph and Lorey Johannes and Naumann Felix},
title         = {{Creating voiD Descriptions for Web-scale Data}},
journal       = {Journal of Web Semantics},
volume        = {9},
number        = {3},
pages         = {339--345},
year          = {2011}
}

@misc{Archer:W3C:13,
author        = {Archer Phil and Shukair Gofran},
title         = {{Asset Description Metadata Schema (ADMS)}},
howpublished  = {W3C Working Group Note},
note          = {\url{http://www.w3.org/TR/vocab-adms}},
year          = {2013}
}

@misc{Berners-Lee:W3C:06,
author        = {Berners-Lee Tim},
title         = {{Linked Data - Design Issues}},
howpublished  = {W3C Personal Notes},
note          = {\url{http://www.w3.org/DesignIssues/LinkedData}},
year          = {2006}
}

@misc{Iannella:W3C:14,
author        = {Iannella Renato and McKinney James},
title         = {{vCard Ontology - for describing People and Organizations}},
howpublished  = {W3C Interest Group Note},
note          = {\url{http://www.w3.org/TR/vcard-rdf}},
year          = {2014}
}

@misc{Lebo:W3C:13,
author        = {Lebo Timothy and Sahoo Satya and McGuinness Deborah},
title         = {{PROV-O: The PROV Ontology}},
howpublished  = {W3C Recommendation},
note          = {\url{http://www.w3.org/TR/prov-o}},
year          = {2013}
}

@misc{Reynolds:W3C:14,
author        = {Reynolds Dave},
title         = {{The Organization Ontology}},
howpublished  = {W3C Recommendation},
note          = {\url{http://www.w3.org/TR/vocab-org}},
year          = {2014}
}

@inproceedings{Assaf:WWW:15,
author        = {Assaf Ahmad and S{\'e}nart Aline and  Troncy Rapha{\"e}l},
title         = {{Roomba: Automatic Validation, Correction and Generation of Dataset Metadata}},
booktitle     = {24$^{th}$ World Wide Web Conference (WWW), Demos Track},
address       = {Florence, Italy},
year          = {2015}
}

@article{Bizer:IJSWIS:09,
author        = {Bizer Christian and Heath T and Berners-Lee T},
title         = {{Linked Data - The Story So Far}},
journal       = {International Journal on Semantic Web and Information Systems (IJSWIS)},
year          = {2009}
}

@inproceedings{Bollacker:SIGMOD:08,
author        = {Bollacker, Kurt and Evans, Colin and Paritosh, Praveen and Sturge, Tim and Taylor, Jamie},
title         = {{Freebase: A Collaboratively Created Graph Database for Structuring Human Knowledge}},
booktitle     = {ACM International Conference on Management of Data (SIGMOD)},
year          = {2008}
}

@inproceedings{Suchanek::WWW:07,
author        = {Suchanek, Fabian M. and Kasneci, Gjergji and Weikum, Gerhard},
title         = {{Yago: A Core of Semantic Knowledge}},
booktitle     = {16$^{th}$ International World Wide Web Conference (WWW)},
year          = {2007}
}

@article{Konrath:WebSemJorunal:12,
author        = {Konrath, Mathias and Gottron, Thomas and Staab, Steffen and Scherp, Ansgar},
title         = {{SchemEX - Efficient Construction of a Data Catalogue by Stream-based Indexing of Linked Data}},
journal       = {Journal of Web Semantics},
volume        = {16},
year          = {2012}
}
@inproceedings{Harth:WWW:10,
author        = {Harth, Andreas and Hose, Katja and Karnstedt, Marcel and Polleres, Axel and Sattler, Kai-Uwe and Umbrich, J\"{u}rgen},
title         = {{Data Summaries for On-demand Queries over Linked Data}},
booktitle     = {19$^{th}$ World Wide Web Conference (WWW)},
year          = {2010},
location      = {Raleigh, North Carolina, USA}
}

@misc{Cyganiak:W3C:11,
author        = {Richard Cyganiak and Jun Zhao and Michael Hausenblas and Keith Alexander},
title         = {{Describing Linked Datasets with the {VoID} Vocabulary}},
howpublished  = {W3C Note},
note          = {\url{http://www.w3.org/TR/void/}},
year          = {2011}
}

@inproceedings{Alexander:LDOW:09,
author        = {Alexander, K. and Cyganiak, R. and Hausenblas, M. and Zhao, J.},
title         = {{Describing Linked Datasets}},
booktitle     = {2$^{nd}$ International Workshop on Linked Data on the Web (LDOW)},
year          = {2009}
}

@inproceedings{Delbru:ESWC:10,
author        = {Delbru, Renaud and Toupikov, Nickolai and Catasta, Michele},
title         = {{Hierarchical link analysis for ranking web data}},
booktitle     = {7$^{th}$ European Semantic Web Conference (ESWC)},
year          = {2010}
}

@inproceedings{Ding:CIKM:04,
author        = {Ding, L and Finin, Tim and Joshi, A and Pan, R and Cost, RS},
title         = {{Swoogle: A semantic web search and metadata engine}},
booktitle     = {13$^{st}$ ACM International Conference on Information and Knowledge Management (CIKM)},
year          = {2004}
}

@article{daquin:SemWebJorunal:11,
author        = {d'Aquin, Mathieu and Motta, Enrico},
title         = {{Watson, More Than a Semantic Web Search Engine}},
journal       = {Semantic Web Journal},
year          = {2011}
}

@article{Tummarello:WebSemJorunal:10,
author        = {Tummarello Giovanni and Cyganiak Richard and Catasta Michele and Danielczyk Szymon and Delbru Renaud and Decker Stefan},
title         = {{Sig.ma: Live views on the Web of data}},
journal       = {Journal of Web Semantics},
volume        = {8},
number        = {4},
year          = {2010}
}

@inproceedings{Nikolov:JIST:11,
author        = {Nikolov, Andriy and d'Aquin, Mathieu and Motta, Enrico},
title         = {{What Should I Link to? Identifying Relevant Sources and Classes for Data Linking}},
booktitle     = {Joint International Semantic Technology Conference (JIST)},
year          = {2011},
}

@inproceedings{Mendes:ICS:11,
author        = {Mendes, Pablo N. and Jakob, Max and Garc\'{\i}a-Silva, Andr{\'e}s and Bizer, Christian},
title         = {{DBpedia Spotlight: Shedding Light on the Web of Documents}},
booktitle     = {7$^{th}$ International Conference on Semantic Systems},
year          = {2011}
}

@techReport{Manyika:Report:13,
author        = {Manyika James and Doshi Elizabeth Almasi},
title         = {{Open data: Unlocking innovation and performance with liquid information}},
institution   = {McKinsey Business Technology Office},
year          = {2001}
}

@incollection{Frosterus:Springer:11,
year          = {2011},
booktitle     = {Linking Government Data},
title         = {{Creating and Publishing Semantic Metadata about Linked and Open Datasets}},
author        = {Frosterus, Matias and Hyv\"{o}nen, Eero and Laitio, Joonas}
}

@inproceedings{Bohm:ICDEW:10,
author        = {Bohm, C. and Naumann, F. and Abedjan, Z. and Fenz, D. and Grutze, T. and Hefenbrock, D. and Pohl, M. and Sonnabend, D.},
booktitle     = {26th International Conference on Data Engineering Workshops (ICDEW)},
title         = {{Profiling linked open data with ProLOD}},
year          = {2010}
}

@inproceedings{Usbeck:WWW:15,
author        = {Usbeck, Ricardo and R{\"o}der, Michael and Ngonga-Ngomo, Axel-Cyrille and Baron, Ciro and Both, Andreas and Br{\"u}mmer, Martin and Ceccarelli, Diego and Cornolti, Marco and Cherix, Didier and Eickmann, Bernd and Ferragina, Paolo and Lemke, Christiane and Moro, Andrea and Navigli, Roberto and Piccinno, Francesco and Rizzo, Giuseppe and Sack, Harald and Speck, Ren{\'e} and Troncy, Rapha{\"e}l and Waitelonis, J{\"o}rg and Wesemann, Lars},
booktitle     = {24$^{th}$ World Wide Web Conference (WWW)},
title         = {{GERBIL - General Entity Annotation Benchmark Framework}},
year          = {2015}
}

@inproceedings{Cornolti:WWW:13,
author        = {Cornolti, Marco and Ferragina, Paolo and Ciaramita, Massimiliano},
title         = {{A Framework for Benchmarking Entity-annotation Systems}},
booktitle     = {22$^{nd}$ World Wide Web Conference (WWW)},
year          = {2013}
}

@techReport {Kovacs:GTOS:00,
author        = {Kov\'{a}cs-L\'{a}ng},
title         = {{Global Terrestrial Observing System}},
institution   = {GTOS Central and Eastern European Terrestrial Data Management and Accessibility Workshop},
year          = {2000}
}

@inproceedings{Schmachtenberg:ISWC:14,
author        = {Schmachtenberg Max and Bizer Christian and Paulheim Heiko},
title         = {{Adoption of the Linked Data Best Practices in Different Topical Domains}},
booktitle     = {13$^{th}$ International Semantic Web Conference (ISWC)},
year          = {2014}
}

@inproceedings{Isele:ISWC:10,
author        = {Isele, Robert and Umbrich, J\"urgen and Bizer, Christian and Harth, Andreas},
title         = {{LDspider: An Open-source Crawling Framework for the Web of Linked Data}},
booktitle     = {9$^{th}$ International Semantic Web Conference (ISWC), Posters \& Demos Track},
year          = {2010}
}

@inproceedings{Leskovec:KDD:06,
author        = {Leskovec, Jure and Faloutsos, Christos},
title         = {{Sampling from Large Graphs}},
booktitle     = {12$^{th}$th ACM International Conference on Knowledge Discovery and Data Mining (KDD'12)},
year          = {2006}
}
@misc{Jentzsch:SOLOD:11,
author        = {Jentzsch Anja and Cyganiak Richard and Bizer Chrstian},
title         = {{State of the lod cloud}},
note          = {\url{http://lod-cloud.net/state/}},
}

@misc{Nebert:GSDI:04,
author        = {Nebert Douglas},
title         = {{Developing Spatial Data Infrastructures: The SDI Cookbook}},
note          = {\url{http://www.gsdi.org/docs2004/Cookbook/cookbookV2.0.pdf}},
year          = {2004}
}

@article{Zaveri:SemWebJorunal:12,
Title         = {{Quality Assessment Methodologies for Linked Open Data}},
Author        = {Zaveri, Amrapali and Rula, Anisa and Maurino, Andrea and Pietrobon, Ricardo and Lehmann, Jens and Auer, S\"oren},
Journal       = {Semantic Web Journal},
Year          = {2012}
}
@inproceedings{Steiner:IKEC:12,
author        = {Thomas Steiner and Stefan Mirea},
title         = {{SEKI@home or Crowdsourcing an Open Knowledge Graph}},
booktitle     = {1$^{st}$ International Workshop on Knowledge Extraction \& Consolidation from Social Media (KECSM'12)},
year          = {2012},
address       = {Boston, USA}
}

@inproceedings {Shneiderman:SVL:96,
author        = {Shneiderman Ben},
title         = {{The Eyes Have It: A Task by Data Type Taxonomy for Information Visualizations}},
booktitle     = {IEEE Symposium on Visual Languages},
pages         = {336--343},
year          = {1996}
}

@misc{Bergman:GKG:12,
author        = {Bergman Mike},
title         = {{Deconstructing the Google Knowledge Graph}},
howpublished  = {\\\url{http://www.mkbergman.com/1009/deconstructing-the-google-knowledge-graph}}
}

@inproceedings{Pietriga:ISWC:06,
author        = {Pietriga Emmanuel and Bizer Christian and Karger David and Lee Ryan},
title         = {{Fresnel: A Browser-Independent Presentation Vocabulary for RDF}},
year          = {2006},
booktitle     = {5$^{th}$ International Semantic Web Conference (ISWC'06)},
pages         = {158--171}
}

@inproceedings{Marie:ICS:13,
Title         = {{Discovery Hub: On-the-fly Linked Data Exploratory Search}},
Author        = {Marie, Nicolas and Gandon, Fabien and Ribi\`{e}re, Myriam and Rodio, Florentin},
Booktitle     = {The 9$^{th}$ International Conference on Semantic Systems},
Year          = {2013}
}

@inproceedings{Mendes:EDBT:12,
Title         = {{Sieve: linked data quality assessment and fusion}},
Author        = {Mendes PN and M\"{u}hleisen Hannes and Bizer Christian},
Journal       = {2012 Joint EDBT/ICDT Workshops},
Year          = {2012}
}

@misc{Miles:W3C:09,
author        = {Miles Alistair and Bechhofer Sean},
title         = {{SKOS Simple Knowledge Organization System Reference}},
howpublished  = {W3C Recommendation},
note          = {\url{http://www.w3.org/TR/skos-reference/}},
year          = {2009}
}

@inproceedings{PovedaVillalon:EKAW:12,
Title         = {{Validating Ontologies with OOPS!}},
author        = {Poveda-Villal\'{o}n, María and Su\'{a}rez-Figueroa, MariCarmen and Gómez-P\'{e}rez, Asunci\'{o}n},
Booktitle     = {18$^{th}$ International Conference on Knowledge Engineering and Knowledge Management (EKAW)},
Year          = {2012}
}

@article{Stvilia:ASIST:07,
Title         = {{A framework for information quality assessment}},
Author        = {Stvilia Besiki and Gasser Les and Twidale Michael B. and Smith Linda C.},
Journal       = {Journal of the American Society for Information Science and Technology},
Year          = {2007}
}

@inproceedings{Cherix:WASABI:14,
author        = {Cherix Didier and Usbeck Ricardo and Both Andreas and Lehmann Jens},
booktitle     = {2$^{nd}$ International Workshop on Semantic Web Enterprise Adoption and Best Practice},
title         = {{CROCUS: Cluster-based ontology data cleansing}},
year          = {2014}
}

@article{Lehmann:MLResearch:09,
author        = {Lehmann Jens and Sonnenburg Soeren},
title         = {{DL-Learner: Learning Concepts in Description Logics}},
Journal       = {Journal of Machine Learning Research},
year          = {2009}
}

@inproceedings{Maria:KEOD:13,
author    			 = {C.Maria Keet and Mar{\'{\i}}a del Carmen Su{\'{a}}rez{-}Figueroa and Mar{\'{\i}}a Poveda{-}Villal{\'{o}}n},
title         = {{The Current Landscape of Pitfalls in Ontologies}},
booktitle     = {International Conference on Knowledge Engineering and Ontology Development (KEOD)},
year          = {2013}
}

@inproceedings{Suominen:IKEM:12,
Title         = {{Improving the quality of SKOS vocabularies with skosify}},
Author        = {Suominen Osma and Hyv\"{o}nen Eero},
booktitle     = {The 18$^{th}$ International Conference on Knowledge Engineering and Knowledge Management},
Year          = {2012}
}

@article{Suominen:DataSemantics:13,
Title         = {{Assessing and Improving the Quality of SKOS Vocabularies}},
Author        = {Suominen Osma and Mader Christian},
Journal       = {Journal on Data Semantics},
Year          = {2013}
}

@inproceedings{Toupikov:LDOW:09,
Title         = {{DING! Dataset ranking using formal descriptions}},
Author        = {Toupikov Nickolai and Umbrich J and Delbru Renaud},
booktitle     = {2$^{nd}$ International Workshop on Linked Data on the Web (LDOW)},
Year          = {2009}
}

@article{Wang:MIS:96,
Title         = {{Beyond accuracy: What data quality means to data consumers}},
Author        = {Wang Richard Y. and Strong Diane M.},
Journal       = {Journal of Management Information Systems},
Year          = {1996}
}
@inproceedings{DiNoia:iSemantics:12,
author        = {Di Noia, Tommaso and Mirizzi, Roberto and Ostuni, Vito Claudio and Romito, Davide and Zanker, Markus},
title         = {{Linked Open Data to Support Content-based Recommender Systems}},
booktitle     = {8$^{th}$International Conference on Semantic Systems - I-SEMANTICS '12},
year          = {2012}
}

@inproceedings{Anisa:LDQ:14,
Author        = {Anisa Rula and Amrapali Zaveri},
Title         = {{Methodology for Assessment of Linked Data Quality}},
Booktitle     = {1$^{st}$ Workshop on Linked Data Quality (LDQ)},
Year          = {2014}
}

@inproceedings{Sirin:OWLED:08,
author        = {Sirin Evren and Smith Michael and Wallace Evan},
title         = {{Opening, Closing Worlds - On Integrity Constraints}},
booktitle     = {5$^{th}$ {OWLED} Workshop on {OWL:} Experiences and Directions},
year          = {2008}
}

@book{Juran:McGraw:99,
Title         = {Juran's quality handbook},
Author        = {Juran, Joseph. M. and Godfrey, A. Blanton},
Publisher     = {McGraw Hill},
Year          = {1999}
}

@article{Kahn:ACM:02,
Title         = {{Information quality benchmarks: product and service performance}},
Author        = {Kahn Beverly K. and Strong Diane M. and Wang Richard Y.},
Journal       = {Communications of the ACM},
Year          = {2002}
}

@article{Kleinberg:ACM:99,
Title         = {{Authoritative sources in a hyperlinked environment}},
Author        = {Kleinberg, Jon M.},
Journal       = {ACM Journal},
Year          = {1999}
}

@article{Kontokostas:KESW:13,
Title         = {{TripleCheckMate: A Tool for Crowdsourcing the Quality Assessment of Linked Data}},
Author        = {Kontokostas Dimitris and Zaveri Amrapali and Auer S\"{o}ren and Lehmann J},
Journal       = {4$^{th}$ Conference on Knowledge Engineering and Semantic Web},
Year          = {2013}
}

@TechReport{Page:TechReport:98,
Title         = {{The PageRank Citation Ranking: Bringing Order to the Web}},
Author        = {Page Lawrence and Brin Sergey and Rajeev Motwani and Terry Winograd},
Year          = {1998}
}

@article{Mader:TBDL:12,
Title         = {{Finding quality issues in SKOS vocabularies}},
Author        = {Mader Christian and Haslhofer Bernhard and Isaac Antoine},
Journal       = {Theory and Practice of Digital Libraries},
Year          = {2012}
}

@inproceedings{Hogan:LDOW:10,
Title         = {{Weaving the pedantic web}},
Author        = {Hogan, Aidan and Harth, Andreas and Passant, Alexandre and Decker, Stefan and Polleres, Axel},
Journal       = {3$^{rd}$ International Workshop on Linked Data on the Web (LDOW)},
Year          = {2010}
}

@article{Hogan:WebSemJorunal:12,
Title         = {{An empirical survey of Linked Data conformance}},
Author        = {Hogan, Aidan and Umbrich, J\"{u}Rgen and Harth, Andreas and Cyganiak, Richard and Polleres, Axel and Decker, Stefan},
Journal       = {Journal of Web Semantics},
Year          = {2012}
}

@misc{Isaac:W3C:09,
Title         = {{SKOS Simple Knowledge Organization System Primer}},
Author        = {Isaac Antoine and Summers Ed},
HowPublished  = {W3C Working Group Note},
Year          = {2009}
}
@inproceedings{Berrueta:SFSW:08,
Title         = {{Cooking HTTP content negotiation with Vapour}},
Author        = {Berrueta Diego and Fern"{a}ndez Sergio and Frade Iv"{a}n},
Booktitle     = {4$^{th}$ Workshop on Scripting for the Semantic Web (SFSW'08)},
Year          = {2008}
}
@inproceedings{Acosta:ISWC:13,
Title         = {{Crowdsourcing Linked Data quality assessment}},
Author        = {Acosta, Maribel and Zaveri, Amrapali and Simperl, Elena and Kontokostas, Dimitris},
booktitle     = {12$^{th}$ International Semantic Web Conference (ISWC)},
year          = {2013}
}

@inproceedings{Verlic:iSemantics:12,
title         = {{LODGrefine - LOD-enabled Google Refine in Action}},
author        = {Verlic Mateja},
booktitle     = {8$^{th}$International Conference on Semantic Systems - I-SEMANTICS '12},
year          = {2012}
}

@inproceedings{Brin:WWW:98,
Title         = {{The anatomy of a large-scale hypertextual Web search engine}},
Author        = {Brin, Sergey and Page, Lawrence},
booktitle     = {7$^{th}$ International Conference on World Wide Web (WWW'98)},
year          = {1998}
}
@inproceedings{Hartig:ISWC:09,
Title         = {{Using web data provenance for quality assessment}},
Author        = {Hartig Olaf and Zhao Jun},
booktitle     = {8$^{th}$ International Semantic Web Conference (ISWC)},
year          = {2009}
}

@inproceedings{Harth:ISWC:09,
Title         = {{Using naming authority to rank data and ontologies for web search}},
Author        = {Harth, Andreas and Kinsella, Sheila and Decker, Stefan},
booktitle     = {8$^{th}$ International Semantic Web Conference (ISWC)},
year          = {2009}
}

@inproceedings{Kontokostas:WWW:14,
author        = {Kontokostas, Dimitris and Westphal, Patrick and Auer, S\"{o}ren and Hellmann, Sebastian and Lehmann, Jens and Cornelissen, Roland and Zaveri, Amrapali},
title         = {{Test-driven Evaluation of Linked Data Quality}},
booktitle     = {23$^{rd}$International Conference on World Wide Web (WWW'14)},
year          = {2014}
}

@inproceedings{Haslhofer:IWS:09,
Title         = {{DSNotify: Detecting and Fixing Broken Links in Linked Data Sets}},
Author        = {Haslhofer Bernhard and Popitsch Niko},
Booktitle     = {8$^{th}$ International Workshop on Web Semantics},
Year          = {2009}
}

@inproceedings{Hogan:SSKB:06,
Title         = {{ReConRank: A Scalable Ranking Method for Semantic Web Data with Context}},
Author        = {Hogan Aidan and Harth Andreas and Decker Stefan},
Booktitle     = {2$^{nd}$ Workshop on Scalable Semantic Web Knowledge Base Systems},
Year          = {2006}
}

@inproceedings{Gueret:ESWC:12,
Title         = {{Assessing Linked Data Mappings Using Network Measures}},
Author        = {Gu{\'e}ret, Christophe and Groth, Paul T. and Stadler, Claus and Lehmann, Jens},
booktitle     = {9$^{th}$ European Semantic Web Conference (ESWC)},
year          = {2012}
}

@Book{Harpring:Getty:10,
Title         = {{Introduction to Controlled Vocabularies: Terminology for Art, Architecture, and Other Cultural Works}},
Author        = {Harpring Patricia},
Publisher     = {Getty Research Institute},
Year          = {2010}
}

@inproceedings{Ruckhaus:ESWC:14,
title         = {{Analyzing Linked Data Quality with LiQuate}},
author        = {Ruckhaus, Edna and Baldizan, Oriana and Vidal, Maria-Esther},
booktitle     = {11$^{th}$ European Semantic Web Conference (ESWC)},
year          = {2014}
}


@inproceedings{Dagobert:DL:02,
Title         = {{Thesauri and ontologies in digital libraries}},
Author        = {Dagobert Soergel},
Booktitle     = {2$^{nd}$ ACM/IEEE-CS Joint Conference on Digital Libraries},
Year          = {2002}
}

@inproceedings{Tao:HICSS:09,
Title         = {{Instance Data Evaluation for Semantic Web-Based Knowledge Management Systems}},
Author        = {Tao, Jiao and Ding, Li and McGuinness, Deborah L.},
Booktitle     = {42$^{nd}$ Hawaii International Conference on System Sciences, HICSS'09},
Year          = {2009},
Pages         = {1--10}
}

@inproceedings{Assaf:DQMST:12,
author        = {Assaf, Ahmad and Senart, Aline},
title         = {{Data Quality Principles in the Semantic Web}},
booktitle     = {6$^{th}$ International Conference on Semantic Computing ICSC '12},
year          = {2012}
}

@article{Bizer:WebSemantics:09,
Title         = {Quality-driven Information Filtering Using the WIQA Policy Framework},
Author        = {Bizer, Christian and Cyganiak, Richard},
Journal       = {Jorunal of Web Semantics},
Publisher     = {Elsevier Science Publishers B. V.},
volume        = {7},
number        = {1},
year          = {2009}
}

@article{Debattista:CoRR:14,
author        = {Debattista Jeremy and Londo{\~{n}}o Santiago and Lange Christoph and Auer S{\"{o}}ren},
title         = {{LUZZU} - {A} Framework for Linked Data Quality Assessment},
journal       = {CoRR},
volume        = {abs/1412.3750},
year          = {2014}
}

@inproceedings{BuilAranda:ISWC:13,
Title         = {{SPARQL Web-Querying Infrastructure: Ready for Action?}},
Author        = {Buil-Aranda, C and Hogan, Aidan},
booktitle     = {12$^{th}$ International Semantic Web Conference (ISWC)},
year          = {2013}
}

@article{Chakrabarti:IEEE:99,
Title         = {Mining the Web's Link Structure},
Author        = {Chakrabarti Soumen and Dom Byron E. and S. Kumar Ravi and Raghavan Prabhakar and Rajagopalan Sridhar and Tomkins Andrew and Gibson David and Kleinberg Jon},
journal       = {Computer},
publisher     = {IEEE Computer Society Press},
Year          = {1999}
}

@inproceedings{Tummarello:ISWC:07,
Title         = {{Sindice.com: Weaving the open linked data}},
Author        = {Tummarello, Giovanni and Delbru, Renaud and Oren, Eyal},
booktitle     = {6$^{th}$ International Semantic Web Conference (ISWC)},
year          = {2007}
}

@inproceedings{Furber:ECIS:11,
Title         = {{SWIQA - A Semantic Web information quality assessment framework}},
Author        = {F\"{u}rber, C and Hepp, M},
Journal       = {19$^{th}$ European Conference on Information Systems (ECIS'11)},
Year          = {2011}
}

@mastersthesis{Flemming:Thesis:10,
Title         = {{Quality Characteristics of Linked Data Publishing Datasources}},
Author        = {Flemming Annika},
School        = {Humboldt-Universität zu Berlin},
Year          = {2010}
}

@inproceedings{Flouris:EvoDyn:12,
Title         = {{Using provenance for quality assessment and repair in linked open data}},
Author        = {Flouris, Giorgos and Roussakis, Yannis and Poveda-Villal\'{o}n, M},
Year          = {2012},
booktitle     = {2$^{nd}$ Joint Workshop on Knowledge Evolution and Ontology Dynamics (EvoDyn'12)}
}

@inproceedings{Mihindukulasooriya:COLD:13,
author        = {Nandana Mihindukulasooriya and Raul Garcia{-}Castro and Miguel Esteban Guti{\'{e}}rrez},
title         = {{Linked Data Platform as a novel approach for Enterprise Application Integration}},
booktitle     = {4$^{th}$ International Workshop on Consuming Linked Data (COLD'13)},
year          = {2013}
}

@inproceedings{Frischmuth:ISWC:13,
author        = {Philipp Frischmuth and S{\"{o}}ren Auer and Sebastian Tramp and J{\"{o}}rg Unbehauen and Kai Holzwei{\ss}ig and Carl{-}Martin Marquardt},
title         = {{Towards Linked Data based Enterprise Information Integration}},
booktitle     = {Workshop on Semantic Web Enterprise Adoption and Best Practice Co-located with 12$^{th}$ International Semantic Web Conference (ISWC'13)},
year          = {2013}
}

@article{Frischmuth:SemWebJorunal:12,
Author        = {Frischmuth, Philipp and Kl{\'\i}mek, Jakub and Auer, S{\"o}ren and Tramp, Sebastian and Unbehauen, J{\"o}rg and Holzwei{\ss}ig, Kai and Marquardt, Carl-Martin},
Title         = {{Linked Data in Enterprise Information Integration}},
Year          = {2012}
}

@inproceedings{Assaf:ESWC:13,
author        = {Ahmad Assaf and Aline Senart and Rapha{\"{e}}l Troncy},
title         = {{SNARC - An Approach for Aggregating and Recommending Contextualized Social Content}},
booktitle     = {The Semantic Web: ESWC 2013 Satellite Events, Revised Selected Papers},
pages         = {319--326},
year          = {2013}
}

@inproceedings{Assaf:WOD:12,
author        = {Ahmad Assaf and Eldad Louw and Aline Senart and Corentin Follenfant and Rapha{\"{e}}l Troncy and David Trastour},
title         = {{RUBIX: a framework for improving data integration with linked data}},
booktitle     = {International Workshop on Open Data (WOD'12)},
pages         = {13--21},
year          = {2012}
}

@inproceedings{Tonon:ISWC:13,
Author        = {Alberto Tonon and Michele Catasta and Gianluca Demartini and Philippe Cudr{\'e}-Mauroux and Karl Aberer},
Title         = {{TRank: Ranking Entity Types Using the Web of Data}},
booktitle     = {12$^{th}$ International Semantic Web Conference (ISWC)},
year          = {2013}
}

@inproceedings{Lenzerini:SIGMOD:02,
author        = {Lenzerini, Maurizio},
title         = {{Data Integration: A Theoretical Perspective}},
booktitle     = {21$^{st}$ ACM SIGMOD-SIGACT-SIGART Symposium on Principles of Database Systems},
pages         = {233--246},
year          = {2002}
}

@inproceedings{Hassanzadeh:WWW:11,
author        = {Hassanzadeh, Oktie and Duan, Songyun and Fokoue, Achille and Kementsietsidis, Anastasios and Srinivas, Kavitha and Ward, Michael J.},
title         = {{Helix: Online Enterprise Data Analytics}},
booktitle     = {20$^{th}$ International Conference Companion on World Wide Web (WWW'11)},
pages         = {225--228},
year          = {2011}
}

@inproceedings{Finin:AAAI:09,
author        = {Tim Finin and Zareen Syed and James Mayfield and Paul Mcnamee and Christine Piatko},
title         = {{Using Wikitology for Cross-Document Entity Coreference Resolution}},
booktitle     = {AAAI Spring Symposium on Learning},
year          = {2009}
}

@inproceedings{Syed:WebSci:10,
author        = {Zareen Syed and Tim Finin and Varish Mulwad and Anupam Joshi},
title         = {{Exploiting a Web of Semantic Data for Interpreting Tables}},
booktitle     = {2$^{nd}$ Web Science Conference},
year          = {2010}
}

@article{Limaye:VLDB:10,
Author        = {Limaye, Girija and Sarawagi, Sunita and Chakrabarti, Soumen},
Title         = {{Annotating and Searching Web Tables Using Entities, Types and Relationships}},
Journal       = {VLDB Endowment},
Pages         = {1338--1347},
Year          = {2010}
}

@inproceedings{DaSilva:OTM:07,
Author        = {Altigran Soares da Silva and Denilson Barbosa and Jo{\~a}o M. B. Cavalcanti and Marco A. S. Sevalho},
Title         = {{Labeling Data Extracted from the Web}},
Booktitle     = {On The Move Confederated International Conferences},
Pages         = {1099-1116},
Year          = {2007}
}

@inproceedings{Wang:WWW:03,
Author        = {Wang, Jiying and Lochovsky, Frederick H},
Title         = {{Data Extraction and Label Assignment for Web Databases}},
booktitle     = {12$^{th}$ International World Wide Web Conference (WWW'03)},
Pages         = {187--196},
Year          = {2003}
}

@inproceedings{Reis:WWW:04,
Author        = {Reis, D. C. and Golgher, P. B. and Silva, A. S. and Laender, A. F.},
Title         = {{Automatic Web News Extraction Using Tree Edit Distance}},
booktitle     = {13$^{th}$ International World Wide Web Conference (WWW'04)},
Pages         = {502-601},
Year          = {2004}
}

@article{Miller:IEEE:03,
Author        = {Ren{\'e}e J. Miller and Periklis Andritsos},
Journal       = {IEEE Data Engineering Bulletin},
Title         = {{Schema Discovery}},
Pages         = {40-45},
Volume        = {26},
Year          = {2003}
}

@article{Furnas:ACM:87,
Author        = {G. W. Furnas and T. K. Landauer and L. M. Gomez and S. T. Dumais},
Journal       = {Communications of The ACM},
Title         = {{The Vocabulary Problem in Human-System Communication}},
Number        = {11},
Pages         = {964--971},
Volume        = {30},
Year          = {1987}
}

@inproceedings{Hyunmo:HCI:03,
Author        = {Kang, Hyunmo and Shneiderman, Ben},
Title         = {{MediaFinder: an interface for dynamic personal media management with semantic regions}},
Booktitle     = {Conference on Human Factors in Computing Systems (CHI)},
Publisher     = {ACM},
Pages         = {764-765},
Year          = {2003}
}

@inproceedings{Gouriten:WWW:12,
Author        = {Gouriten, Georges and Senellart, Pierre},
Title         = {{API Blender: A Uniform Interface to Social Platform APIs}},
booktitle     = {21$^{th}$ International Conference on World Wide Web (WWW'12)},
year          = {2012}
}

@article{Avitha:EuroJorunal:11,
Author        = {Avitha, C. and Sadasivam, G. Sudha and Shenoy, Sangeetha N},
Title         = {{Ontology Based Semantic Integration of Heterogeneous Databases}},
Journal       = {European Journal of Scientific Research},
Pages         = {115},
Year          = {2011}
}

@article{LaValle:MIT:11,
Author        = {Steve LaValle and Eric Lesser and Rebecca Shockley and Michael S. Hopkins and Nina Kruschwitz},
Title         = {{Big Data, Analytics and the Path From Insights to Value}},
Journal       = {MIT Sloan Management Review},
Year          = {2011}
}

@inproceedings{Wache:IJCAI:01,
Author        = {H. Wache and T. V{\"o}gele and U. Visser and H. Stuckenschmidt and G. Schuster and H. Neumann and S. H{\"u}bner},
Title         = {{Ontology-Based Integration of Information - A Survey of Existing Approaches}},
booktitle     = {IJCAI Workshop: Ontologies and Information},
Pages         = {108--117},
Year          = {2001}
}
@article{Boyd:Article:11,
author        = {Boyd, Danah and Crawford, Kate},
journal       = {Social Science Research Network Working Paper Series},
title         = {{Six Provocations for Big Data}},
year          = {2011}
}

@inproceedings{Peukert:ICDE:12,
author        = {Peukert, Eric and Eberius, Julian and Rahm, Erhard},
title         = {{A Self-Configuring Schema Matching System}},
booktitle     = {IEEE 28$^{th}$ International Conference on Data Engineering (ICDE'12)},
year          = {2012}
}

@inproceedings{Peukert:ICDE:11,
author        = {Peukert, E. and Eberius, J. and Rahm, E.},
booktitle     = {IEEE 27$^{th}$ International Conference on Data Engineering (ICDE'11)},
title         = {{AMC - A framework for modelling and comparing matching systems as matching processes}},
year          = {2011}
}

@inproceedings{conf/wise/StracciaT05,
author        = {Straccia Umberto and Troncy Rapha\"{e}l},
booktitle     = {6$^{th}$ International Conference on Web Information Systems Engineering},
title         = {{oMAP: Combining Classifiers for Aligning Automatically OWL Ontologies}},
year          = {2005}
}

@article{Kowalski:RoyalStat:72,
author        = {Kowalski, Charles J.},
journal       = {Journal of the Royal Statistical Society},
title         = {{On the Effects of Non-Normality on the Distribution of the Sample Product-Moment Correlation Coefficient}},
year          = {1972}
}

@article{Fawcett:PatternRec:06,
author        = {Fawcett, Tom},
title         = {{An Introduction to ROC Analysis}},
journal       = {Pattern Recogn. Lett.},
year          = {2006}
}

@article{BernersLee:ScientificAmerican:01,
Author        = {Berners-Lee, Tim and Hendler, James and Lassila, Ora},
Journal       = {Scientific American},
Number        = 5,
Pages         = {34-43},
Title         = {The Semantic Web},
Volume        = 284,
Year          = {2001}
}

@book{Mika:book:07,
Author        = {Mika, Peter},
Publisher     = {Springer},
Series        = {Semantic Web and Beyond},
Title         = {Social Networks and the Semantic Web},
Volume        = 5,
Year          = {2007}
}

@misc{Lassila:RDF:99,
author        = {Ora Lassila and Ralph R. Swick},
title         = {{Resource Description Framework (RDF) Model and Syntax Specification}},
howpublished  = {W3C Recommendation},
note          = {\url{http://www.w3.org/TR/1999/REC-rdf-syntax-19990222}},
year          = {1999}
}

@misc{Berners:RFC:2005,
author        = {Tim Berners-Lee},
title         = {{Uniform Resource Identifier (URI): Generic Syntax}},
howpublished  = {RFC 3986},
note          = {\url{http://tools.ietf.org/html/rfc3986}},
year          = {2005}
}

@misc{Cambridge:RDF-101:13,
title         = {{RDF-101}},
author        = {Cambridge Semantics},
howpublished  = {\url{http://www.cambridgesemantics.com/semantic-university/rdf-101}},
note          = {Accessed: 2013-09-07}
}