%%%%%%%%%%%%%%%%%%%%%%%%%%%%%%%%%
%%%  ESWC 2015 SOLD biblio  %%%
%%%%%%%%%%%%%%%%%%%%%%%%%%%%%%%%%

@article{BizerHeath2009,
author      = {Bizer, Christian and Heath, T and Berners-Lee, T},
journal     = {International Journal on Semantic Web and Information Systems},
publisher   = {Elsevier},
title       = {{Linked Data - The Story So Far}},
year        = {2009}
}

@article{Boyd2011,
author      = {Boyd, D and Crawford, Kate},
journal     = {A Decade in Internet Time: Symposium on the Dynamics of the Internet and Society},
title       = {{Six provocations for big data}},
year        = {2011}
}

@inproceedings{Bollacker:2008:FCC:1376616.1376746,
author      = {Bollacker, Kurt and Evans, Colin and Paritosh, Praveen and Sturge, Tim and Taylor, Jamie},
title       = {Freebase: A Collaboratively Created Graph Database for Structuring Human Knowledge},
booktitle   = {Proceedings of the 2008 ACM SIGMOD International Conference on Management of Data},
series      = {SIGMOD '08},
year        = {2008}
}

@article{Bizer:2009:DCP:1640541.1640848,
author      = {Bizer, Christian and Lehmann, Jens and Kobilarov, Georgi and Auer, S\"{o}ren and Becker, Christian and Cyganiak, Richard and Hellmann, Sebastian},
title       = {DBpedia - A Crystallization Point for the Web of Data},
journal     = {Web Semant.},
year        = {2009}
}

@inproceedings{Suchanek:2007:YCS:1242572.1242667,
author      = {Suchanek, Fabian M. and Kasneci, Gjergji and Weikum, Gerhard},
title       = {Yago: A Core of Semantic Knowledge},
booktitle   = {Proceedings of the 16th International Conference on World Wide Web},
year        = {2007}
}

@TechReport{Erickson:14:DCV,
author      = "John Erickson and Fadi Maali",
title       = "Data Catalog Vocabulary ({DCAT})",
note        = "http://www.w3.org/TR/2014/REC-vocab-dcat-20140116/",
year        = "2014"
}

@article{BoHm:2011:CVD:2030805.2031001,
author      = {B\"{o}Hm, Christoph and Lorey, Johannes and Naumann, Felix},
title       = {Creating voiD Descriptions for Web-scale Data},
journal     = {Web Semant.},
year        = {2011}
}

@inproceedings{Bohm:2012:LTG:2396761.2398718,
author      = {B\"{o}hm, Christoph and Kasneci, Gjergji and Naumann, Felix},
title       = {Latent Topics in Graph-structured Data},
booktitle   = {Proceedings of the 21st ACM International Conference on Information and Knowledge Management},
year        = {2012}
}

@INPROCEEDINGS{6690016,
author      = {Lalithsena, S. and Hitzler, P. and Sheth, A. and Jain, P.},
booktitle   = {Web Intelligence (WI) and Intelligent Agent Technologies (IAT), 2013 IEEE/WIC/ACM International Joint Conferences on},
title       = {Automatic Domain Identification for Linked Open Data},
year        = {2013}
}


@inproceedings{makela-aether-2014,
author      = {Eetu Mäkelä},
title       = {Aether -- Generating and Viewing Extended VoID Statistical Descriptions of RDF Datasets},
year        = {2014},
booktitle   = {Proceedings of the ESWC 2014 demo track, Springer-Verlag},
}

@incollection{semwebprofiling,
year        = {2012},
booktitle   = {Web Information Systems and Mining},
title       = {Data Profiling for Semantic Web Data},
publisher   = {Springer Berlin Heidelberg}
}

@INPROCEEDINGS{6816740,
author      = {Abedjan, Z. and Gruetze, T. and Jentzsch, A. and Naumann, F.},
booktitle   = {Data Engineering (ICDE), 2014 IEEE 30th International Conference on},
title       = {Profiling and mining RDF data with ProLOD++},
year        = {2014}
}

@INPROCEEDINGS{ frosterus:datafinland,
AUTHOR      = "Matias Frosterus and Eero Hyvönen and Joonas Laitio",
TITLE       = "DataFinland - A Semantic Portal for Open and Linked Datasets",
BOOKTITLE   = "ESWC (2)'11",
YEAR        = {2011}
}

@article{Konrath:2012:SEC:2399444.2399563,
author      = {Konrath, Mathias and Gottron, Thomas and Staab, Steffen and Scherp, Ansgar},
title       = {SchemEX - Efficient Construction of a Data Catalogue by Stream-based Indexing of Linked Data},
journal     = {Web Semant.},
year        = {2012}
}
@inproceedings{Harth:2010:DSO:1772690.1772733,
author      = {Harth, Andreas and Hose, Katja and Karnstedt, Marcel and Polleres, Axel and Sattler, Kai-Uwe and Umbrich, J\"{u}rgen},
title       = {Data Summaries for On-demand Queries over Linked Data},
booktitle   = {Proceedings of the 19th International Conference on World Wide Web},
series      = {WWW '10},
year        = {2010},
location    = {Raleigh, North Carolina, USA}
}

@TechReport{Cyganiak:11:DLD,
author      = "Richard Cyganiak and Jun Zhao and Michael Hausenblas and Keith Alexander",
title       = "Describing Linked Datasets with the {VoID} Vocabulary",
year        = "2011"
}

@inproceedings{Alexander:LDOW09,
author      = {Alexander, K. and Cyganiak, R. and Hausenblas, M. and Zhao, J.},
booktitle   = {WWW 2009 Workshop: Linked Data on the Web (LDOW2009)},
title       = {Describing Linked Datasets - On the Design and Usage of voiD, the 'Vocabulary of Interlinked Datasets'}
}

@inproceedings{dataID2014,
author      = {Br{\"u}mmer, Martin and Baron, Ciro and Ermilov, Ivan and Freudenberg, Markus and Kontokostas, Dimitris and Hellmann, Sebastian},
booktitle   = {Proceedings of the 10th International Conference on Semantic Systems},
location    = {Leipzig, Germany},
title       = {{DataID}: Towards Semantically Rich Metadata for Complex Datasets},
year        = {2014}
}

@incollection{scalableApproach,
year        = {2014},
booktitle   = {The Semantic Web: Trends and Challenges},
title       = {A Scalable Approach for Efficiently Generating Structured Dataset Topic Profiles},
publisher   = {Springer International Publishing},
author      = {Fetahu, Besnik and Dietze, Stefan and Pereira Nunes, Bernardo and Antonio Casanova, Marco and Taibi, Davide and Nejdl, Wolfgang}
}

@article{Delbru2010a,
author      = {Delbru, Renaud and Toupikov, Nickolai and Catasta, Michele},
journal     = {The Semantic Web: Research and Applications},
title       = {{Hierarchical link analysis for ranking web data}},
year        = {2010}
}

@article{Ding2004,
author      = {Ding, L and Finin, Tim and Joshi, A and Pan, R and Cost, RS},
journal     = {CIKM04},
title       = {Swoogle: A semantic web search and metadata engine},
year        = {2004}
}

@article{d'Aquin:2011:WMS:2019470.2019476,
author      = {d'Aquin, Mathieu and Motta, Enrico},
title       = {Watson, More Than a Semantic Web Search Engine},
journal     = {Semant. web},
year        = {2011}
}

@INPROCEEDINGS{sig.ma,
author      = {Giovanni Tummarello and Szymon Danielczyk and Richard Cyganiak and Renaud Delbru and Michele Catasta and Ecole Polytechnique Federale and Stefan Decker},
title       = {Sig.ma: Live views on the Web of data},
booktitle   = {In Proc. WWW-2010},
publisher   = {ACM Press}
}

@incollection{whatShouldILinkTo,
year        = {2012},
booktitle   = {The Semantic Web},
volume      = {7185},
series      = {Lecture Notes in Computer Science},
title       = {What Should I Link to? Identifying Relevant Sources and Classes for Data Linking},
publisher   = {Springer Berlin Heidelberg},
author      = {Nikolov, Andriy and d’Aquin, Mathieu and Motta, Enrico}
}

@inproceedings{Mendes:2011:DSS:2063518.2063519,
author      = {Mendes, Pablo N. and Jakob, Max and Garc\'{\i}a-Silva, Andr{\'e}s and Bizer, Christian},
title       = {DBpedia Spotlight: Shedding Light on the Web of Documents},
booktitle   = {Proceedings of the 7th International Conference on Semantic Systems},
series      = {I-Semantics '11},
year        = {2011},
location    = {Graz, Austria}
}

@article{nomoneyLOD,
title       = "There’s No Money in Linked Data",
author      = "Prateek Jain , Pascal Hitzler , Krzysztof Janowicz and Chitra Venkatramani",
year        = "2013"
}

@techreport{mckinseyreport,
author      = "James Manyika and Elizabeth Almasi Doshi",
title       = "Open data: Unlocking innovation and performance with liquid information",
journal     = "McKinsey Business Technology Office",
year        = "2013"
}

@inproceedings{datafinalnd,
author      = {Matias Frosterus and Eero Hyv\"{o}nen and Joonas Laitio},
title       = {{DataFinland - A Semantic Portal for Open and Linked Datasets}},
booktitle   = {8$^{th}$ Extended Semantic Web Conference (ESWC)},
year        = {2011},
pages       = {243--254}
}

@incollection{datafinland2,
year        = {2011},
booktitle   = {Linking Government Data},
title       = {Creating and Publishing Semantic Metadata about Linked and Open Datasets},
author      = {Frosterus, Matias and Hyvönen, Eero and Laitio, Joonas},
}

@INPROCEEDINGS{5452762,
author      = {Bohm, C. and Naumann, F. and Abedjan, Z. and Fenz, D. and Grutze, T. and Hefenbrock, D. and Pohl, M. and Sonnabend, D.},
booktitle   = {Data Engineering Workshops (ICDEW), 2010 IEEE 26th International Conference on},
title       = {Profiling linked open data with ProLOD},
year        = {2010}
}

@inproceedings{gerbil,
author      = {Usbeck, Ricardo and R{\"o}der, Michael and Ngonga-Ngomo, Axel-Cyrille and Baron, Ciro and Both, Andreas and Br{\"u}mmer, Martin and Ceccarelli, Diego and Cornolti, Marco and Cherix, Didier and Eickmann, Bernd and Ferragina, Paolo and Lemke, Christiane and Moro, Andrea and Navigli, Roberto and Piccinno, Francesco and Rizzo, Giuseppe and Sack, Harald and Speck, Ren{\'e} and Troncy, Rapha{\"e}l and Waitelonis, J{\"o}rg and Wesemann, Lars},
booktitle   = {Submitted to the 24th WWW conference},
title       = {{GERBIL} -- General Entity Annotation Benchmark Framework},
year        = {2015}
}

@inproceedings{Cornolti:2013:FBE:2488388.2488411,
author      = {Cornolti, Marco and Ferragina, Paolo and Ciaramita, Massimiliano},
title       = {A Framework for Benchmarking Entity-annotation Systems},
booktitle   = {Proceedings of the 22Nd International Conference on World Wide Web},
series      = {WWW '13},
year        = {2013}
}

@inproceedings{profilingWebOfData,
author      = {Anja Jentzsch},
title       = {{Profiling the Web of Data}},
booktitle   = {13$^{th}$ International Semantic Web Conference (ISWC), Doctoral Consortium},
year        = {2014},
address     = {Trentino, Italy}
}

@inproceedings{Cyganiak:2008:SSE:1789394.1789457,
author      = {Richard Cyganiak and Holger Stenzhorn and Renaud Delbru and Stefan Decker and Giovanni Tummarello},
title       = {{Semantic Sitemaps: Efficient and Flexible Access to Datasets on the Semantic Web}},
booktitle   = {5$^{th}$ European Semantic Web Conference (ESWC)},
year        = {2008},
address     = {Tenerife, Spain},
pages       = {690--704}
}

@inproceedings{Langegger:2009:RER:1674635.1674691,
author      = {Andreas Langegger and Wolfram Woss},
title       = {{RDFStats - An Extensible RDF Statistics Generator and Library}},
booktitle   = {20$^{th}$ International Workshop on Database and Expert Systems Application (DEXA)},
year        = {2009},
pages       = {79--83}
}

@inproceedings{Khatchadourian:2010:ESE:2155278.2155300,
author      = {Shahan Khatchadourian and Mariano P. Consens},
title       = {{ExpLOD: Summary-based Exploration of Interlinking and RDF Usage in the Linked Open Data Cloud}},
booktitle   = {7$^{th}$ Extended Semantic Web Conference (ESWC)},
year        = {2010},
address     = {Heraklion, Greece},
pages       = {272--287}
}

@inproceedings{Auer:2012:LEF:2413941.2413982,
author      = {S\"{o}ren Auer and Jan Demter and Michael Martin and Jens Lehmann},
title       = {{LODStats - an Extensible Framework for High-performance Dataset Analytics}},
booktitle   = {18$^{th}$ International Conference on Knowledge Engineering and Knowledge Management (EKAW)},
year        = {2012},
address     = {Galway, Ireland},
pages       = {353--362}
}

@inproceedings{forchhammer_profiles_2014,
author      = {Benedikt Forchhammer and Anja Jentzsch and Felix Naumann},
title       = {{LODOP - Multi-Query Optimization for Linked Data Profiling Queries}},
booktitle   = {International Workshop on Dataset PROFIling and fEderated Search for Linked Data (PROFILES)},
year        = {2014},
address     = {Heraklion, Greece}
}

@inproceedings{DyLDO,
author      = {Tobias K\"{a}fer and Ahmed Abdelrahman and J\"{u}rgen Umbrich and Patrick O'Byrne and Aidan Hogan},
title       = {{Observing Linked Data Dynamics}},
booktitle   = {10$^{th}$ European Semantic Web Conference (ESWC)},
year        = {2013},
}

@techreport {GTOS,
author      = {Kovács-Láng},
title       = {{Global Terrestrial Observing System}},
institution = {GTOS Central and Eastern European Terrestrial Data Management and Accessibility Workshop},
year        = {2000}
}

@inproceedings{Bizer:2011:EWG:2075914.2075915,
author      = {Bizer, Christian},
title       = {Evolving the Web into a Global Data Space},
booktitle   = {Proceedings of the 28th British National Conference on Advances in Databases},
year        = {2011}
}