@INPROCEEDINGS{6690016,
author={Lalithsena, S. and Hitzler, P. and Sheth, A. and Jain, P.},
booktitle={Web Intelligence (WI) and Intelligent Agent Technologies (IAT), 2013 IEEE/WIC/ACM International Joint Conferences on},
title={Automatic Domain Identification for Linked Open Data},
year={2013},
month={Nov},
volume={1},
pages={205-212}
}

@incollection{semwebprofiling,
year={2012},
booktitle={Web Information Systems and Mining},
volume={7529},
series={Lecture Notes in Computer Science},
editor={Wang, FuLee and Lei, Jingsheng and Gong, Zhiguo and Luo, Xiangfeng},
title={Data Profiling for Semantic Web Data},
publisher={Springer Berlin Heidelberg},
keywords={Semantic Web; RDF; Data profiling},
author={Li, Huiying},
pages={472-479},
}

@incollection{scalableApproach,
year={2014},
booktitle={The Semantic Web: Trends and Challenges},
volume={8465},
series={Lecture Notes in Computer Science},
title={A Scalable Approach for Efficiently Generating Structured Dataset Topic Profiles},
url={http://dx.doi.org/10.1007/978-3-319-07443-6_35},
publisher={Springer International Publishing},
author={Fetahu, Besnik and Dietze, Stefan and Pereira Nunes, Bernardo and Antonio Casanova, Marco and Taibi, Davide and Nejdl, Wolfgang}
}