@article{BizerHeath2009,
author    = {Bizer, Christian and Heath, T and Berners-Lee, T},
journal   = {International Journal on Semantic Web and Information Systems},
title     = {{Linked Data - The Story So Far}},
url       = {http://www.citeulike.org/user/omunoz/article/5008761},
year      = {2009}
}

@article{Boyd2011,
author    = {Boyd, D and Crawford, Kate},
journal   = {A Decade in Internet Time: Symposium on the Dynamics of the Internet and Society},
title     = {{Six provocations for big data}},
year      = {2011}
}

@incollection{semwebprofiling,
year      = {2012},
booktitle = {Web Information Systems and Mining},
title     = {Data Profiling for Semantic Web Data},
author    = {Li, Huiying}
}

@inproceedings{Bizer:2011:EWG:2075914.2075915,
author    = {Bizer, Christian},
title     = {Evolving the Web into a Global Data Space},
booktitle = {Proceedings of the 28th British National Conference on Advances in Databases},
year      = {2011}
}

@inproceedings{DBLP:conf/semweb/SchmachtenbergBP14,
author    = {Max Schmachtenberg and
               Christian Bizer and
               Heiko Paulheim},
title     = {Adoption of the Linked Data Best Practices in Different Topical Domains},
booktitle = {The Semantic Web - {ISWC} 2014 - 13th International Semantic Web Conference,
               Riva del Garda, Italy, October 19-23, 2014. Proceedings, Part {I}},
year      = {2014}
}

@online {SOLOD,
author    = {Jentzsch, A., Cyganiak, R., Bizer, C},
title     = {{State of the lod cloud}},
url       = {http://lod-cloud.net/state/},
urldata   = {09-2011}
}