%%%%%%%%%%%%%%%%%%%%%%%%%%%%%%%%%%%
%%%  PROFILES 2015 SOLD biblio  %%%
%%%%%%%%%%%%%%%%%%%%%%%%%%%%%%%%%%%

@article{BizerHeath2009,
author       = {Bizer, Christian and Heath, T and Berners-Lee, T},
title        = {{Linked Data - The Story So Far}},
journal      = {International Journal on Semantic Web and Information Systems (IJSWIS)},
year         = {2009}
}

@article{Boyd2011,
author       = {Boyd, D and Crawford, Kate},
journal      = {A Decade in Internet Time: Symposium on the Dynamics of the Internet and Society},
title        = {{Six provocations for big data}},
year         = {2011}
}

@inproceedings{Bollacker:2008:FCC:1376616.1376746,
author       = {Bollacker, Kurt and Evans, Colin and Paritosh, Praveen and Sturge, Tim and Taylor, Jamie},
title        = {{Freebase: A Collaboratively Created Graph Database for Structuring Human Knowledge}},
booktitle    = {ACM International Conference on Management of Data (SIGMOD)},
year         = {2008}
}

@article{Bizer:2009:DCP:1640541.1640848,
author       = {Bizer, Christian and Lehmann, Jens and Kobilarov, Georgi and Auer, S\"{o}ren and Becker, Christian and Cyganiak, Richard and Hellmann, Sebastian},
title        = {{DBpedia - A Crystallization Point for the Web of Data}},
journal      = {Journal of Web Semantics},
volume       = {7},
number       = {3},
year         = {2009}
}

@inproceedings{Suchanek:2007:YCS:1242572.1242667,
author       = {Suchanek, Fabian M. and Kasneci, Gjergji and Weikum, Gerhard},
title        = {{Yago: A Core of Semantic Knowledge}},
booktitle    = {16$^{th}$ International World Wide Web Conference (WWW)},
year         = {2007}
}

@misc{Erickson:14:DCV,
author       = {Fadi Maali and John Erickson},
title        = {{Data Catalog Vocabulary (DCAT)}},
howpublished = {W3C Recommendation},
note         = {\url{http://www.w3.org/TR/vocab-dcat/}},
year         = {2014}
}

@article{BoHm:2011:CVD:2030805.2031001,
author       = {B\"{o}Hm, Christoph and Lorey, Johannes and Naumann, Felix},
title        = {{Creating voiD Descriptions for Web-scale Data}},
journal      = {Journal of Web Semantics},
volume       = {9},
number       = {3},
pages        = {339--345},
year         = {2011}
}

@inproceedings{Bohm:2012:LTG:2396761.2398718,
author       = {B\"{o}hm, Christoph and Kasneci, Gjergji and Naumann, Felix},
title        = {Latent Topics in Graph-structured Data},
booktitle    = {21$^{st}$ ACM International Conference on Information and Knowledge Management (CIKM)},
year         = {2012}
}

@INPROCEEDINGS{6690016,
author       = {Lalithsena, S. and Hitzler, P. and Sheth, A. and Jain, P.},
title        = {{Automatic Domain Identification for Linked Open Data}},
booktitle    = {International Conference on Web Intelligence (WI) and Intelligent Agent Technologies (IAT)},
year         = {2013}
}

@inproceedings{makela-aether-2014,
author       = {Eetu M\"akel\"a},
title        = {Aether - Generating and Viewing Extended VoID Statistical Descriptions of RDF Datasets},
booktitle    = {11$^{th}$ European Semantic Web Conference (ESWC), Demo Track},
year         = {2014},
}

@inproceedings{semwebprofiling,
author       = {Li, Huiying},
title        = {{Data Profiling for Semantic Web Data}},
booktitle    = {International Conference on Web Information Systems and Mining(WISM)},
address      = {Chengdu, China},
pages        = {472--479},
year         = {2012},
}

@INPROCEEDINGS{6816740,
author       = {Abedjan, Z. and Gruetze, T. and Jentzsch, A. and Naumann, F.},
title        = {{Profiling and mining RDF data with ProLOD++}},
booktitle    = {30$^{th}$ International Conference on Data Engineering (ICDE)},
year         = {2014}
}

@article{Konrath:2012:SEC:2399444.2399563,
author       = {Konrath, Mathias and Gottron, Thomas and Staab, Steffen and Scherp, Ansgar},
title        = {{SchemEX - Efficient Construction of a Data Catalogue by Stream-based Indexing of Linked Data}},
journal      = {Journal of Web Semantics},
volume       = {16},
year         = {2012}
}
@inproceedings{Harth:2010:DSO:1772690.1772733,
author       = {Harth, Andreas and Hose, Katja and Karnstedt, Marcel and Polleres, Axel and Sattler, Kai-Uwe and Umbrich, J\"{u}rgen},
title        = {{Data Summaries for On-demand Queries over Linked Data}},
booktitle    = {19$^{th}$ World Wide Web Conference (WWW)},
year         = {2010},
location     = {Raleigh, North Carolina, USA}
}

@misc{Cyganiak:11:DLD,
author       = {Richard Cyganiak and Jun Zhao and Michael Hausenblas and Keith Alexander},
title        = {{Describing Linked Datasets with the {VoID} Vocabulary}},
howpublished = {W3C Note},
note         = {\url{http://www.w3.org/TR/void/}},
year         = {2011}
}


@inproceedings{Alexander:LDOW09,
author       = {Alexander, K. and Cyganiak, R. and Hausenblas, M. and Zhao, J.},
title        = {{Describing Linked Datasets}},
booktitle    = {2$^{nd}$ International Workshop on Linked Data on the Web (LDOW)},
year         = 2009
}

@inproceedings{dataID2014,
author       = {Br{\"u}mmer, Martin and Baron, Ciro and Ermilov, Ivan and Freudenberg, Markus and Kontokostas, Dimitris and Hellmann, Sebastian},
title        = {{DataID: Towards Semantically Rich Metadata for Complex Datasets}},
booktitle    = {10$^{th}$ International Conference on Semantic Systems},
location     = {Leipzig, Germany},
year         = {2014}
}

@inproceedings{scalableApproach,
year         = {2014},
title        = {{A Scalable Approach for Efficiently Generating Structured Dataset Topic Profiles}},
booktitle    = {11$^{th}$ European Semantic Web Conference (ESWC)},
author       = {Fetahu, Besnik and Dietze, Stefan and Pereira Nunes, Bernardo and Antonio Casanova, Marco and Taibi, Davide and Nejdl, Wolfgang}
}

@inproceedings{Delbru2010a,
author       = {Delbru, Renaud and Toupikov, Nickolai and Catasta, Michele},
title        = {{Hierarchical link analysis for ranking web data}},
booktitle    = {7$^{th}$ European Semantic Web Conference (ESWC)},
year         = {2010}
}

@inproceedings{Ding2004,
author       = {Ding, L and Finin, Tim and Joshi, A and Pan, R and Cost, RS},
title        = {Swoogle: A semantic web search and metadata engine},
booktitle    = {13$^{st}$ ACM International Conference on Information and Knowledge Management (CIKM)},
year         = {2004}
}

@article{d'Aquin:2011:WMS:2019470.2019476,
author       = {d'Aquin, Mathieu and Motta, Enrico},
title        = {Watson, More Than a Semantic Web Search Engine},
journal      = {Semantic Web Journal},
year         = {2011}
}

@article{sig.ma,
author       = {Giovanni Tummarello and Richard Cyganiak and Michele Catasta and Szymon Danielczyk and Renaud Delbru and Stefan Decker},
title        = {{Sig.ma: Live views on the Web of data}},
journal      = {Journal of Web Semantics},
volume       = {8},
number       = {4},
year         = {2010}
}

@inproceedings{whatShouldILinkTo,
author       = {Nikolov, Andriy and d'Aquin, Mathieu and Motta, Enrico},
title        = {What Should I Link to? Identifying Relevant Sources and Classes for Data Linking},
booktitle    = {Joint International Semantic Technology Conference (JIST)},
year         = {2011},
}

@inproceedings{Mendes:2011:DSS:2063518.2063519,
author       = {Mendes, Pablo N. and Jakob, Max and Garc\'{\i}a-Silva, Andr{\'e}s and Bizer, Christian},
title        = {DBpedia Spotlight: Shedding Light on the Web of Documents},
booktitle    = {7$^{th}$ International Conference on Semantic Systems},
year         = {2011},
location     = {Graz, Austria}
}

@misc{nomoneyLOD,
title        = {{There's No Money in Linked Data}},
author       = {Prateek Jain and Pascal Hitzler and Krzysztof Janowicz and Chitra Venkatramani},
year         = {2013},
note         = {\url{http://knoesis.wright.edu/faculty/pascal/pub/nomoneylod.pdf}},
}

@techreport{mckinseyreport,
author       = "James Manyika and Elizabeth Almasi Doshi",
title        = "Open data: Unlocking innovation and performance with liquid information",
institution  = "McKinsey Business Technology Office",
year         = "2013"
}

@inproceedings{datafinalnd,
author       = {Matias Frosterus and Eero Hyv\"{o}nen and Joonas Laitio},
title        = {{DataFinland - A Semantic Portal for Open and Linked Datasets}},
booktitle    = {8$^{th}$ Extended Semantic Web Conference (ESWC)},
year         = {2011},
pages        = {243--254}
}

@incollection{datafinland2,
year         = {2011},
booktitle    = {Linking Government Data},
title        = {Creating and Publishing Semantic Metadata about Linked and Open Datasets},
author       = {Frosterus, Matias and Hyv\"onen, Eero and Laitio, Joonas},
publisher    = {Springer-Verlag},
editor       = {David Wood}
}

@INPROCEEDINGS{5452762,
author       = {Bohm, C. and Naumann, F. and Abedjan, Z. and Fenz, D. and Grutze, T. and Hefenbrock, D. and Pohl, M. and Sonnabend, D.},
booktitle    = {26th International Conference on Data Engineering Workshops (ICDEW)},
title        = {Profiling linked open data with ProLOD},
year         = {2010}
}

@inproceedings{gerbil,
author       = {Usbeck, Ricardo and R{\"o}der, Michael and Ngonga-Ngomo, Axel-Cyrille and Baron, Ciro and Both, Andreas and Br{\"u}mmer, Martin and Ceccarelli, Diego and Cornolti, Marco and Cherix, Didier and Eickmann, Bernd and Ferragina, Paolo and Lemke, Christiane and Moro, Andrea and Navigli, Roberto and Piccinno, Francesco and Rizzo, Giuseppe and Sack, Harald and Speck, Ren{\'e} and Troncy, Rapha{\"e}l and Waitelonis, J{\"o}rg and Wesemann, Lars},
booktitle    = {24$^{th}$ World Wide Web Conference (WWW)},
title        = {{GERBIL} - General Entity Annotation Benchmark Framework},
year         = {2015}
}

@inproceedings{Cornolti:2013:FBE:2488388.2488411,
author       = {Cornolti, Marco and Ferragina, Paolo and Ciaramita, Massimiliano},
title        = {A Framework for Benchmarking Entity-annotation Systems},
booktitle    = {22$^{nd}$ World Wide Web Conference (WWW)},
year         = {2013}
}

@inproceedings{profilingWebOfData,
author       = {Anja Jentzsch},
title        = {{Profiling the Web of Data}},
booktitle    = {13$^{th}$ International Semantic Web Conference (ISWC), Doctoral Consortium},
year         = {2014},
address      = {Trentino, Italy}
}

@inproceedings{Cyganiak:2008:SSE:1789394.1789457,
author       = {Richard Cyganiak and Holger Stenzhorn and Renaud Delbru and Stefan Decker and Giovanni Tummarello},
title        = {{Semantic Sitemaps: Efficient and Flexible Access to Datasets on the Semantic Web}},
booktitle    = {5$^{th}$ European Semantic Web Conference (ESWC)},
year         = {2008},
address      = {Tenerife, Spain},
pages        = {690--704}
}

@inproceedings{Langegger:2009:RER:1674635.1674691,
author       = {Andreas Langegger and Wolfram Woss},
title        = {{RDFStats - An Extensible RDF Statistics Generator and Library}},
booktitle    = {20$^{th}$ International Workshop on Database and Expert Systems Application (DEXA)},
year         = {2009},
pages        = {79--83}
}

@inproceedings{Khatchadourian:2010:ESE:2155278.2155300,
author       = {Shahan Khatchadourian and Mariano P. Consens},
title        = {{ExpLOD: Summary-based Exploration of Interlinking and RDF Usage in the Linked Open Data Cloud}},
booktitle    = {7$^{th}$ Extended Semantic Web Conference (ESWC)},
year         = {2010},
address      = {Heraklion, Greece},
pages        = {272--287}
}

@inproceedings{Auer:2012:LEF:2413941.2413982,
author       = {S\"{o}ren Auer and Jan Demter and Michael Martin and Jens Lehmann},
title        = {{LODStats - an Extensible Framework for High-performance Dataset Analytics}},
booktitle    = {18$^{th}$ International Conference on Knowledge Engineering and Knowledge Management (EKAW)},
year         = {2012},
address      = {Galway, Ireland},
pages        = {353--362}
}

@inproceedings{forchhammer_profiles_2014,
author       = {Benedikt Forchhammer and Anja Jentzsch and Felix Naumann},
title        = {{LODOP - Multi-Query Optimization for Linked Data Profiling Queries}},
booktitle    = {International Workshop on Dataset PROFIling and fEderated Search for Linked Data (PROFILES)},
year         = {2014},
address      = {Heraklion, Greece}
}

@inproceedings{DyLDO,
author       = {Tobias K\"{a}fer and Ahmed Abdelrahman and J\"{u}rgen Umbrich and Patrick O'Byrne and Aidan Hogan},
title        = {{Observing Linked Data Dynamics}},
booktitle    = {10$^{th}$ European Semantic Web Conference (ESWC)},
year         = {2013},
}

@techreport {GTOS,
author       = {Kov\'{a}cs-L\'{a}ng},
title        = {{Global Terrestrial Observing System}},
institution  = {GTOS Central and Eastern European Terrestrial Data Management and Accessibility Workshop},
year         = {2000}
}

@inproceedings{Bizer:2011:EWG:2075914.2075915,
author       = {Bizer, Christian},
title        = {{Evolving the Web into a Global Data Space}},
booktitle    = {28$^{th}$ British National Conference on Advances in Databases},
year         = {2011}
}


@inproceedings{DBLP:conf/semweb/SchmachtenbergBP14,
author       = {Max Schmachtenberg and Christian Bizer and Heiko Paulheim},
title        = {{Adoption of the Linked Data Best Practices in Different Topical Domains}},
booktitle    = {13$^{th}$ International Semantic Web Conference (ISWC)},
address      = {Riva del Garda, Italy},
year         = {2014}
}

@inproceedings{conf/semweb/IseleUBH10,
author       = {Isele, Robert and Umbrich, J\"urgen and Bizer, Christian and Harth, Andreas},
title        = {{LDspider: An Open-source Crawling Framework for the Web of Linked Data}},
booktitle    = {9$^{th}$ International Semantic Web Conference (ISWC), Posters \& Demos Track},
year         = 2010
}

@inproceedings{Leskovec:2006:SLG:1150402.1150479,
author       = {Leskovec, Jure and Faloutsos, Christos},
title        = {Sampling from Large Graphs},
booktitle    = {12th ACM International Conference on Knowledge Discovery and Data Mining},
year         = {2006}
}

@TechReport{Graham:11:,
author       = {Graham Vickery},
title        = {{Review of Recent Studies on PSI-use and Related Market Developments}},
institution  = {EC DG Information Society},
year         = {2011}
}
