@InProceedings{conf/iir/MirizziNROS12,
Title                = {Movie Recommendation with DBpedia.},
Author               = {Mirizzi, Roberto and Noia, Tommaso Di and Ragone, Azzurra and Ostuni, Vito Claudio and Sciascio, Eugenio Di},
Year                 = {2012},
Series               = {CEUR Workshop Proceedings}
}

@InProceedings{DBLP:conf/i-semantics/RulaZ14,
Author               = {Anisa Rula and Amrapali Zaveri},
Title                = {Methodology for Assessment of Linked Data Quality},
Booktitle            = {1$^{st}$ Workshop on Linked Data Quality (LDQ)},
Year                 = {2014}
}

@InProceedings{conf/owled/SirinSW08,
Title                = {Opening, Closing Worlds - On Integrity Constraints.},
Author               = {Sirin, Evren and Smith, Michael and Wallace, Evan},
Year                 = {2008}
}

@InProceedings{conf/jcdl/Soergel05,
Title                = {Thesauri and ontologies in digital libraries.},
Author               = {Soergel, Dagobert},
Booktitle            = {JCDL},
Year                 = {2005},
Publisher            = {ACM}
}

@InProceedings{conf/hicss/TaoDM09,
Title                = {Instance Data Evaluation for Semantic Web-Based Knowledge Management Systems.},
Author               = {Tao, Jiao and Ding, Li and McGuinness, Deborah L.},
Booktitle            = {HICSS},
Year                 = {2009},
Pages                = {1--10},
Publisher            = {IEEE Computer Society}
}

@Article{Acosta2013,
Title                = {{Crowdsourcing Linked Data quality assessment}},
Author               = {Acosta, Maribel and Zaveri, Amrapali and Simperl, Elena and Kontokostas, Dimitris},
Journal              = {ISWC 2013},
Year                 = {2013},
}

@InProceedings{Agrawal94fastalgorithms,
Title                = {Fast algorithms for mining association rules},
Author               = {Rakesh Agrawal and Ramakrishnan Srikant},
Booktitle            = {20\textsuperscript{th} International Conference on VLDB},
Year                 = {1994},
Pages                = {487--499}
}

@InProceedings{assaf2012,
 author = {Assaf, Ahmad and Senart, Aline},
 title = {Data Quality Principles in the Semantic Web},
 booktitle = {Proceedings of the 2012 IEEE Sixth International Conference on Semantic Computing},
 series = {ICSC '12}
}

@TechReport{w3c-prov-o,
Title                = {PROV-O: The PROV Ontology},
Author               = {Belhajjame, Khalid and Cheney, James and Corsar, David and Garijo, Daniel and Soiland-Reyes, Stian and Zednik, Stephan and Zhao, Jun},
Year                 = {2012}
}

@InProceedings{Berrueta08cookinghttp,
Title                = {Cooking HTTP content negotiation with Vapour},
Author               = {Diego Berrueta and Sergio Fern$\sqrt{}$$\deg$ndez and Iv$\sqrt{}$$\deg$n Frade},
Booktitle            = {4\textsuperscript{th} workshop on Scripting for the Semantic Web 2008 (SFSW2008)},
Year                 = {2008}
}

@PhdThesis{citeulike:2925559,
Title                = {{Quality-Driven Information Filtering in the Context of Web-Based Information Systems}},
Author               = {Bizer, Christian},
Year                 = {2007},
Day                  = {13},
Keywords             = {assurance, dimensions, information, quality}
}

@Article{Bizer:2009:QIF:1482178.1482280,
Title                = {Quality-driven Information Filtering Using the WIQA Policy Framework},
Author               = {Bizer, Christian and Cyganiak, Richard},
Journal              = {Web Semant.},
Publisher            = {Elsevier Science Publishers B. V.}
}

@INPROCEEDINGS{6816740,
author               = {Abedjan, Z. and Gruetze, T. and Jentzsch, A. and Naumann, F.},
booktitle            = {Data Engineering (ICDE), 2014 IEEE 30th International Conference on},
title                = {Profiling and mining RDF data with ProLOD++},
year                 = {2014},
month                = {March},
pages                = {1198-1201}
}
@inproceedings{makela-aether-2014,
author               = {Eetu Mäkelä},
title                = {Aether -- Generating and Viewing Extended VoID Statistical Descriptions of RDF Datasets},
year                 = {2014},
booktitle            = {ESWC 2014 demo track, Springer-Verlag},
}

@article{DBLP:journals/corr/DebattistaLLA14,
author               = {Jeremy Debattista and Santiago Londo{\~{n}}o and Christoph Lange and S{\"{o}}ren Auer},
title                = {{LUZZU} - {A} Framework for Linked Data Quality Assessment},
journal              = {CoRR},
volume               = {abs/1412.3750},
year                 = {2014},
}

@inproceedings{conf/i-semantics/Verlic12,
author               = {Verlic, Mateja},
booktitle            = {{I-SEMANTICS (Posters \& Demos)}},
publisher            = {CEUR-WS.org},
title                = {LODGrefine - LOD-enabled Google Refine in Action.},
year                 = 2012
}

@inproceedings{demter-2012-ekaw,
author               = {Demter, Jan and Auer, S{\"o}ren and Martin, Michael and Lehmann, Jens},
booktitle            = {EKAW 2012},
publisher            = {Springer},
series               = {Lecture Notes in Computer Science (LNCS) 7603},
title                = {LODStats---An Extensible Framework for High-performance Dataset Analytics},
year                 = 2012
}

@Other{bizer2011,
Title                = {State of the LOD Cloud},
Author               = {Bizer, Chris and Jentzsch, Anja and Cyganiak, Richard},
Url                  = {http://lod-cloud.net/state/},
Year                 = {2011}
}

@Article{bizer_dbpedia_2009,
Title                = {{DBpedia} - A crystallization point for the Web of Data},
Author               = {Bizer, Christian and Lehmann, Jens and Kobilarov, Georgi and Auer, S$\sqrt{}$$\partial$ren and Becker, Christian and Cyganiak, Richard and Hellmann, Sebastian},
Journal              = {Web Semantics: Science, Services and Agents on the World Wide Web},
Year                 = {2009},
Urldate              = {2013-04-12}
}

@Article{Bleiholder:2009,
Title                = {Data fusion},
Author               = {Bleiholder, Jens and Naumann, Felix},
Journal              = {ACM Comput. Surv.},
Year                 = {2009},
Publisher            = {ACM}
}

@Article{Bohm2010,
Title                = {{Pro{\^{O}}{\"{}}{\AA}ling Linked Open Data with ProLOD}},
Author               = {Bohm, Christophe and Naumann, Felix and Abedjan, Ziawasch and Dandy, Fenz and Grutze, Toni and Hefenbrock, Daniel and Pohl, Matthias and Sonnabend, David},
Journal              = {ICDE 2010},
Year                 = {2010}
}

@Article{Boyd2011,
Title                = {{Six provocations for big data}},
Author               = {Boyd, D and Crawford, Kate},
Journal              = {A Decade in Internet Time: Symposium on the Dynamics of the Internet and Society},
Year                 = {2011}
}

@InProceedings{Brin:1998,
Title                = {The anatomy of a large-scale hypertextual Web search engine},
Author               = {Brin, Sergey and Page, Lawrence},
Booktitle            = {The seventh international conference on World Wide Web 7},
Year                 = {1998}
}

@Article{Buil-Aranda2013,
Title                = {{SPARQL Web-Querying Infrastructure: Ready for Action?}},
Author               = {Buil-Aranda, C and Hogan, Aidan},
Journal              = {International \ldots},
Year                 = {2013}
}

@Misc{Chakrabarti99miningthe,
Title                = {Mining the Web's Link Structure},
Author               = {Soumen Chakrabarti and Byron E. Dom and S. Ravi Kumar and Prabhakar Raghavan and Sridhar Rajagopalan and Andrew Tomkins and David Gibson and Jon Kleinberg},
Year                 = {1999}
}

@Article{DAquin2009,
Title                = {{Formally measuring agreement and disagreement in ontologies}},
Author               = {D'Aquin, M},
Journal              = {K-CAP 09},
Year                 = {2009}
}

@Article{Delbru2010,
Title                = {{Sindice at SemSearch 2010}},
Author               = {Delbru, Renaud},
Journal              = {WWW10},
Year                 = {2010}
}

@Article{Delbru2010a,
Title                = {{Hierarchical link analysis for ranking web data}},
Author               = {Delbru, Renaud and Toupikov, Nickolai and Catasta, Michele},
Journal              = {The Semantic Web: Research and Applications},
Year                 = {2010}
}

@Article{Ding2004,
Title                = {{Swoogle: A semantic web search and metadata engine}},
Author               = {Ding, L and Finin, Tim and Joshi, A and Pan, R and Cost, RS},
Journal              = {CIKM04},
Year                 = {2004}
}

@Article{Ding2005a,
Title                = {{Tracking rdf graph provenance using rdf molecules}},
Author               = {Ding, Li and Finin, Tim and Peng, Yun},
Journal              = {ISWC 2005},
Year                 = {2005}
}

@Article{Ding2005,
Title                = {{Finding and ranking knowledge on the semantic web}},
Author               = {Ding, Li and Pan, Rong and Finin, Tim and Joshi, Anupam},
Journal              = {ISWC 2005},
Year                 = {2005}
}

@Article{Duque-ramos2011,
Title                = {{OQuaRE : A SQuaRE-based Approach for Evaluating the Quality of Ontologies}},
Author               = {Duque-ramos, Astrid and Fern\'{a}ndez-breis, Jesualdo Tom\'{a}s and Stevens, Robert and Aussenac-gilles, Nathalie},
Journal              = {Journal of Research and Practice in Information Technology, Software Engineering and Semantic Web Technologies},
Year                 = {2011}
}

@Article{Furber2011a,
Title                = {{SWIQA - A Semantic Web information quality assessment framework}},
Author               = {F\"{u}rber, C and Hepp, M},
Journal              = {ECIS 2011},
Year                 = {2011},
Keywords             = {data quality,information quality,linked data,semantic web,sparql,trust},
Url                  = {http://aisel.aisnet.org/ecis2011/76/}
}

@Article{Furber2010,
Title                = {{Using semantic web resources for data quality management}},
Author               = {F\"{u}rber, Christian and Hepp, Martin},
Journal              = {Knowledge Engineering and Management by the \ldots},
Year                 = {2010}
}

@Article{Furber2010a,
Title                = {{Using SPARQL and SPIN for Data Quality Management on the Semantic Web}},
Author               = {F\"{u}rber, Christian and Hepp, Martin},
Journal              = {Business Information Systems},
Year                 = {2010}
}

@Article{Furber2010b,
Title                = {{Using SPARQL and SPIN for data quality management on the Semantic Web}},
Author               = {F\"{u}rber, Christian and Hepp, Martin},
Journal              = {Business Information Systems},
Year                 = {2010}
}

@Other{flemming2010,
Title                = {Quality Characteristics of Linked Data Publishing Datasources},
Author               = {Flemming,A},
School               = {Humboldt-Universität zu Berlin},
Year                 = {2010}
}

@Article{Flouris2012,
Title                = {{Using provenance for quality assessment and repair in linked open data}},
Author               = {Flouris, Giorgos and Roussakis, Yannis and Poveda-Villal\'{o}n, M},
Year                 = {2012},
Pages                = {1--12}
}

@Article{Framework2012,
Title                = {{Quality Assessment Methodologies for Linked Open Data}},
Author               = {Framework, Conceptual and Zaveri, Amrapali and Rula, Anisa and Maurino, Andrea and Pietrobon, Ricardo and Lehmann, Jens},
Journal              = {Under review, Semantic Web Journal},
Year                 = {2012}
}

@Article{Gamble2011,
Title                = {{Quality, Trust, and Utility of Scienti{\^{O}}{\"{}}{\AA}c Data on the Web: Towards a Joint Model.pdf}},
Author               = {Gamble, Matthew},
Journal              = {WebSci'11},
Year                 = {2011}
}

@InProceedings{Gueret2012,
Title                = {Assessing Linked Data Mappings Using Network Measures},
Author               = {Gu{\'e}ret, Christophe and Groth, Paul T. and Stadler, Claus and Lehmann, Jens},
Booktitle            = {The 9\textsuperscript{th} Extended Semantic Web Conference},
Year                 = {2012}
}

@inproceedings{Kontokostas:2014:TEL:2566486.2568002,
author               = {Kontokostas, Dimitris and Westphal, Patrick and Auer, S\"{o}ren and Hellmann, Sebastian and Lehmann, Jens and Cornelissen, Roland and Zaveri, Amrapali},
title                = {Test-driven Evaluation of Linked Data Quality},
booktitle            = {Proceedings of the 23rd International Conference on World Wide Web},
year                 = {2014}
}

@Book{harpring_introduction_2010,
Title                = {Introduction to Controlled Vocabularies: Terminology for Art, Architecture, and Other Cultural Works},
Author               = {Harpring, Patricia},
Publisher            = {Getty Research Institute},
Year                 = {2010}
}

@Article{Harth2009,
Title                = {{Using naming authority to rank data and ontologies for web search}},
Author               = {Harth, Andreas and Kinsella, Sheila and Decker, Stefan},
Journal              = {ISWC 2009},
Year                 = {2009}
}

@inproceedings{conf/otm/RuckhausBV13,
author               = {Ruckhaus, Edna and Baldizan, Oriana and Vidal, Maria-Esther},
booktitle            = {OTM Workshops},
series               = {Lecture Notes in Computer Science},
title                = {Analyzing Linked Data Quality with LiQuate.},
year                 = 2013
}

@InProceedings{Hartig09usingweb,
Title                = {Using web data provenance for quality assessment},
Author               = {Olaf Hartig and Jun Zhao},
Booktitle            = {In: Proc. of the Workshop on Semantic Web and Provenance Management at ISWC},
Year                 = {2009}
}

@InProceedings{cs142,
Title                = {{DS}Notify: Detecting and Fixing Broken Links in Linked Data Sets},
Author               = {Bernhard Haslhofer and Niko Popitsch},
Booktitle            = {8th International Workshop on Web Semantics (WebS \&\#8217;09), co-located with DEXA 2009},
Year                 = {2009}
}

@InProceedings{Hogan06reconrank:a,
Title                = {ReConRank: A Scalable Ranking Method for Semantic Web Data with Context},
Author               = {Aidan Hogan and Andreas Harth and Stefan Decker},
Booktitle            = {In 2\textsuperscript{nd} Workshop on Scalable Semantic Web Knowledge Base Systems},
Year                 = {2006}
}

@Article{Hogan2010,
Title                = {{Weaving the pedantic web}},
Author               = {Hogan, Aidan and Harth, Andreas and Passant, Alexandre and Decker, Stefan and Polleres, Axel},
Journal              = {LDOW 2010},
Year                 = {2010}
}

@Article{Hogan:2012:ESL:2263498.2264570,
Title                = {An empirical survey of Linked Data conformance},
Author               = {Hogan, Aidan and Umbrich, J\"{u}Rgen and Harth, Andreas and Cyganiak, Richard and Polleres, Axel and Decker, Stefan},
Journal              = {Web Semant.},
Year                 = {2012}
}

@inproceedings{DBLP:conf/www/Debattista0A14,
author               = {Jeremy Debattista and Christoph Lange and S{\"{o}}ren Auer},
title                = {daQ, an Ontology for Dataset Quality Information},
booktitle            = {Workshop on Linked Data on the Web co-located with the 23rd International World Wide Web Conference {(WWW} 2014), Seoul, Korea, April 8, 2014.},
year                 = {2014}
}

@Misc{skosprimer,
Title                = {SKOS Simple Knowledge Organization System Primer},

Author               = {Isaac, Antoine and Summers, Ed},
HowPublished         = {World Wide Web Consortium, Working Draft WD-skos-primer-20080829},
Month                = aug,
Year                 = {2008}
}

@Book{juran-j-1999-quality,
Title                = {Juran's quality handbook},
Author               = {Juran, Joseph. M. and Godfrey, A. Blanton},
Publisher            = {McGraw Hill},
Year                 = {1999}
}

@Article{Kahn2002,
Title                = {{Information quality benchmarks: product and service performance}},
Author               = {Kahn, Beverly K. and Strong, Diane M. and Wang, Richard Y.},
Journal              = {Communications of the ACM},
Year                 = {2002}
}

@Article{Kleinberg:1999,
Title                = {Authoritative sources in a hyperlinked environment},
Author               = {Kleinberg, Jon M.},
Journal              = {J. ACM},
Year                 = {1999}
}

@Article{Kontokostas2013,
Title                = {{TripleCheckMate: A Tool for Crowdsourcing the Quality Assessment of Linked Data}},
Author               = {Kontokostas, Dimitris and Zaveri, Amrapali and Auer, S and Lehmann, J},
Journal              = {4th Conference on Knowledge Engineering and Semantic Web},
Year                 = {2013}
}

@TechReport{Lawrence981,
Title                = {The PageRank Citation Ranking: Bringing Order to the Web},
Author               = {Lawrence, Page and Sergey, Brin and Motwani, Rajeev and Winograd, Terry},
Institution          = {Stanford University},
Year                 = {1998},
Type                 = {Technical Report}
}

@InProceedings{Lei:2007:FES:1298406.1298431,
Title                = {A framework for evaluating semantic metadata},
Author               = {Lei, Yuangui and Uren, Victoria and Motta, Enrico},
Booktitle            = {The 4\textsuperscript{th} international conference on Knowledge capture},
Year                 = {2007}
}

@Article{journals/ires/Living10,
Title                = {Review of: Hedden, Heather. The accidental taxonomist Medford, NJ: Information Today, Inc., 2010.},
Author               = {Living, Henry},
Journal              = {Inf. Res.},
Year                 = {2010}
}

@Article{Mader2013,
Title                = {{Perception and Relevance of Quality Issues in Web Vocabularies}},
Author               = {Mader, Christian and Haslhofer, Bernhard},
Journal              = {I-SEMANTICS 2013},
Year                 = {2013}
}

@Article{Mader2012,
Title                = {{Finding quality issues in SKOS vocabularies}},
Author               = {Mader, Christian and Haslhofer, Bernhard and Isaac, Antoine},
Journal              = {Theory and Practice of Digital Libraries},
Year                 = {2012}
}

@Article{Madnick2006,
Title                = {{Improving data quality through effective use of data semantics}},
Author               = {Madnick, Stuart and Zhu, Hongwei},
Journal              = {Data \& Knowledge Engineering},
Year                 = {2006}
}

@Article{MamoruOhtaiKoujiKozaki2011,
Title                = {{A Quality Assurance Framework for Ontology Construction and Re{\^{O}\"{}\AA}nement.pdf}},
Author               = {{Mamoru Ohtai, Kouji Kozaki}, and Riichiro Mizoguchi},
Journal              = {Web Intelligence Conference (AWIC2011)},
Year                 = {2011}
}

@InProceedings{Marie:2013:DHO:2506182.2506185,
Title                = {Discovery Hub: On-the-fly Linked Data Exploratory Search},
Author               = {Marie, Nicolas and Gandon, Fabien and Ribi\`{e}re, Myriam and Rodio, Florentin},
Booktitle            = {The 9\textsuperscript{th} International Conference on Semantic Systems},
Year                 = {2013}
}

@Article{Mendes2012,
Title                = {{Sieve: linked data quality assessment and fusion}},
Author               = {Mendes, PN and M\"{u}hleisen, Hannes and Bizer, Christian},
Journal              = {LWDM2012 - Proceedings of the 2012 Joint EDBT},
Year                 = {2012}
}

@InProceedings{Mendes:2011:DSS:2063518.2063519,
Title                = {DBpedia Spotlight: Shedding Light on the Web of Documents},
Author               = {Mendes, Pablo N. and Jakob, Max and Garc\'{\i}a-Silva, Andr{\'e}s and Bizer, Christian},
Booktitle            = {The 7\textsuperscript{th} International Conference on Semantic Systems},
Year                 = {2011}
}

@Misc{w3c_skos_rec,
Title                = {SKOS Simple Knowledge Organization System Reference. W3{C} Recommendation 18~{A}ugust 2009.},

Author               = {Miles, A. and Bechhofer, S.},
Year                 = {2009}
}

@Article{Moulton2001,
Title                = {{Cross-organizational data quality and semantic integrity: learning and reasoning about data semantics with context interchange mediation}},
Author               = {Moulton, Allen and Madnick, S and Siegel, M},
Journal              = {MIT Sloan},
Year                 = {2001}
}

@Article{Oren_sindice.com:a,
Title                = {Sindice.com: A document-oriented lookup index for open linked data},
Author               = {Eyal Oren and Renaud Delbru and Michele Catasta and Richard Cyganiak and Giovanni Tummarello},
Journal              = {International Journal of Metadata, Semantics and Ontologies},
Pages                = {2008},
Volume               = {3}
}

@Book{organization2005guidelines,
Title                = {Guidelines for the Construction, Format, and Management of Monolingual Controlled Vocabularies},
Author               = {Organization, N.I.S. and National Information Standards Organization (U.S.)},
Publisher            = {NISO Press},
Year                 = {2005},
Series               = {National information standards series}
}

@Article{Pernici2003,
Title                = {{Data quality in web information systems}},
Author               = {Pernici, Barbara and Scannapieco, Monica},
Journal              = {Journal on Data Semantics I},
Year                 = {2003}
}

@InCollection{oops,
Title                = {Validating Ontologies with {OOP}S!},
author               ={Poveda-Villalón, María and Suárez-Figueroa, MariCarmen and Gómez-Pérez, Asunción},
Booktitle            = {Knowledge Engineering and Knowledge Management},
Publisher            = {Springer Berlin Heidelberg},
Year                 = {2012}
}

@Article{Rula2011,
Title                = {{DC proposal: towards linked data assessment and linking temporal facts}},
Author               = {Rula, Anisa},
Journal              = {ISWC 2011},
Year                 = {2011}
}

@Article{Sanchez2013,
Title                = {{Using {SW}ET-QUM to Compare the Quality in Use of Semantic Web Exploration Tools}},
Author               = {S\'{a}nchez, JLG and Garc\'{\i}a, Roberto and Brunetti, JM},
Journal              = {Journal of Universal Computer Science},
Year                 = {2013}
}

@Article{Shanks1999,
Title                = {{Understanding data quality: Social and cultural aspects}},
Author               = {Shanks, Graeme and Corbitt, B},
Journal              = {The 10th Australasian Conference on \ldots},
Year                 = {1999}
}

@Article{j.websem208,
Title                = {Modeling and evaluation of trust with an extension in semantic web},
Author               = {Saeedeh Shekarpour and S.D. Katebi},
Journal              = {Web Semantics: Science, Services and Agents on the World Wide Web},
Year                 = {2010}
}

@Article{Stvilia2007,
Title                = {{A framework for information quality assessment}},
Author               = {Stvilia, Besiki and Gasser, Les and Twidale, Michael B. and Smith, Linda C.},
Journal              = {Journal of the American Society for Information Science and Technology},
Year                 = {2007},
ISSN                 = {15322882}
}

@inproceedings{wasabi_crocus,
author               = {Cherix, Didier and Usbeck, Ricardo and Both, Andreas and Lehmann, Jens},
booktitle            = {Proceedings of the 2nd International Workshop on Semantic Web Enterprise Adoption and Best Practice},
title                = {{CROCUS}: Cluster-based ontology data cleansing},
year                 = 2014
}

@Article{Lehmann_dl-learner:learning,
author               = {Jens Lehmann and Soeren Sonnenburg},
title                = {DL-Learner: Learning Concepts in Description Logics},
Journal              = {Journal of Machine Learning Research},
year                 = {2009}
}

@inproceedings{DBLP:conf/ic3k/KeetSP13,
author    			 = {C. Maria Keet and Mar{\'{\i}}a del Carmen Su{\'{a}}rez{-}Figueroa and Mar{\'{\i}}a Poveda{-}Villal{\'{o}}n},
title                = {The Current Landscape of Pitfalls in Ontologies},
booktitle            = {International Conference on Knowledge Engineering and Ontology Development (KEOD)},
year                 = {2013}
}

@InProceedings{Suominen:2012:IQS:2413941.2413985,
Title                = {Improving the quality of SKOS vocabularies with skosify},
Author               = {Suominen, Osma and Hyv\"{o}nen, Eero},
Booktitle            = {The 18\textsuperscript{th} international conference on Knowledge Engineering and Knowledge Management},
Year                 = {2012}
}

@Article{Suominen2013,
Title                = {{Assessing and Improving the Quality of SKOS Vocabularies}},
Author               = {Suominen, Osma and Mader, Christian},
Journal              = {Journal on Data Semantics},
Year                 = {2013}
}

@Article{Tartir2005,
Title                = {{OntoQA : Metric-Based Ontology Quality Analysis University of Georgia}},
Author               = {Tartir, Samir and Arpinar, I Budak and Moore, Michael and Sheth, Amit P and Aleman-meza, Boanerges},
Journal              = {IEEE Workshop on Knowledge Acquisition from Distributed, Autonomous, Semantically Heterogeneous Data and Knowledge Sources},
Year                 = {2005}
}

@TechReport{tim:linkedata,
Title                = {Linked Data},
Author               = {Tim,Berners-Lee},
Institution          = {W3C},
Year                 = {2006}
}

@Article{Toupikov2009,
Title                = {{DING! Dataset ranking using formal descriptions}},
Author               = {Toupikov, Nickolai and Umbrich, J and Delbru, Renaud},
Journal              = {WWW09},
Year                 = {2009}
}

@Article{Vandenbussche2013,
Title                = {{Monitoring the Status of SPARQL Endpoints}},
Author               = {Vandenbussche, PY and Aranda, CB and Hogan, Aidan and Umbrich, J},
Journal              = {ISWC 2013},
Year                 = {2013}
}

@Article{Wang1996,
Title                = {{Beyond accuracy: What data quality means to data consumers}},
Author               = {Wang, RY and Strong, DM},
Journal              = {Journal of management information systems},
Year                 = {1996}
}

@Article{Wood2010,
Title                = {{The Equation between Semantics and Data Quality}},
Author               = {Wood, Stephen},
Journal              = {Other Conferences},
Year                 = {2010}
}
