@article{Limaye:2010:ASW:1920841.1921005,
author    = {Limaye, Girija and Sarawagi, Sunita and Chakrabarti, Soumen},
title     = {Annotating and Searching Web Tables Using Entities, Types and Relationships},
year      = {2010}
}

@book{Hernandez:2013:DDM:2462633,
author    = {Hernandez, Michael J.},
title     = {Database Design for Mere Mortals: A Hands-On Guide to Relational Database Design (3rd Edition)},
year      = {2013}
}

@article{citeulike:9784019,
author    = {Boyd, Danah and Crawford, Kate},
journal   = {Social Science Research Network Working Paper Series},
title     = {{Six Provocations for Big Data}},
year      = {2011}
}

@article{bigData,
author    = "Steve LaValle, Eric Lesser, Rebecca Shockley, Michael S. Hopkins and Nina Kruschwitz",
title     = "Big Data, Analytics and the Path From Insights to Value",
journal   = "MIT Sloan Management Review",
year      = "2011"
}

@article{kavitha,
author    = "Kavitha, C.; Sadasivam, G. Sudha; Shenoy, Sangeetha N.",
title     = "Ontology Based Semantic Integration of Heterogeneous Databases",
journal   = "European Journal of Scientific Research"
}

@article{bizer_linked_2009,
author    = {Bizer, C. and Heath, T. and {Berners-Lee}, T.},
journal   = {Int. J. Semantic Web Inf. Syst.},
title     = {Linked data - the story so far},
year      = 2009
}

@inproceedings{conf/icde/PeukertER12,
author    = {Peukert, Eric and Eberius, Julian and Rahm, Erhard},
publisher = {IEEE Computer Society},
title     = {A Self-Configuring Schema Matching System.},
url       = {http://dblp.uni-trier.de/db/conf/icde/icde2012.html#PeukertER12},
year      = 2012
}

@article{ DBLP:journals/debu/MillerA03,
author    = {Renae J. Miller and Periklis Andritsos},
title     = {Schema Discovery},
journal   = {IEEE Data Eng. Bull.},
year      = {2003}
}

@inproceedings{cas04,
address   = {New York, NY},
author    = {{de Castro Reis}, Davi and Golgher, Paulo B. and da Silva, Altigran S. and Laender, Alberto H. F.},
booktitle = {Proceedings of the Thirteenth International World Wide Web Conference},
title     = {Automatic Web News Extraction Using Tree Edit Distance},
year      = 2004
}

@article{wang2003extraction,
author    = {Wang, Jiying and Lochovsky, Frederick H},
journal   = {The World Wide Web Conference},
title     = {{Data Extraction and Label Assignment for Web Databases}},
year      = 2003
}

@inproceedings{DBLP:conf/otm/SilvaBCS07,
author    = {Altigran Soares da Silva and Denilson Barbosa and Jo{\~a}o M. B. Cavalcanti and Marco A. S. Sevalho},
title     = {Labeling Data Extracted from the Web},
booktitle = {OTM Conferences (1)},
year      = {2007}
}

@inproceedings{Syed2010Tables,
author    = {Syed, Zareen and Finin, Tim and Mulwad, Varish and Joshi, Anupam},
booktitle = {Proceedings of the Second Web Science Conference},
title     = {{Exploiting a Web of Semantic Data for Interpreting Tables}},
year      = {2010}
}

@inproceedings{conf/aaaiss/FininSMMP09,
author    = {Finin, Tim and Syed, Zareen and Mayfield, James and McNamee, Paul and Piatko, Christine D.},
booktitle = {AAAI Spring Symposium: Learning by Reading and Learning to Read},
title     = {Using Wikitology for Cross-Document Entity Coreference Resolution.},
year      = 2009
}

@inproceedings{conf/www/HassanzadehDFKSW11,
author    = {Hassanzadeh, Oktie and Duan, Songyun and Fokoue, Achille and Kementsietsidis, Anastasios and Srinivas, Kavitha and Ward, Michael J.},
booktitle = {WWW (Companion Volume)},
publisher = {ACM},
title     = {Helix: online enterprise data analytics.},
year      = 2011
}

@INPROCEEDINGS{5767940,
author    = {Peukert, E. and Eberius, J. and Rahm, E.},
booktitle = {Data Engineering (ICDE), 2011 IEEE 27th International Conference on},
title     = {AMC - A framework for modelling and comparing matching systems as matching processes},
year      = {2011}
}

@inproceedings{conf/wise/StracciaT05,
author    = {Straccia, Umberto and Troncy, Raphaël},
booktitle = {WISE},
publisher = {Springer},
title     = {oMAP: Combining Classifiers for Aligning Automatically OWL Ontologies.},
year      = 2005
}

@article{citeulike:8051946,
author    = {Kowalski, Charles J.},
journal   = {Journal of the Royal Statistical Society. Series C (Applied Statistics)},
title     = {{On the Effects of Non-Normality on the Distribution of the Sample Product-Moment Correlation Coefficient}},
year      = {1972}
}

@book{books/daglib/0020904,
author    = {Boslaugh, Sarah and Watters, Paul Andrew},
timestamp = {2011-02-16T00:00:00.000+0100},
title     = {Statistics in a nutshell - a desktop quick reference.},
year      = 2008
}

@INPROCEEDINGS{Auer07dbpedia:a,
author    = {Sören Auer and Christian Bizer and Georgi Kobilarov and Jens Lehmann and Zachary Ives},
title     = {DBpedia: A Nucleus for a Web of Open Data},
booktitle = {In 6th Int’l Semantic Web Conference, Busan, Korea},
year      = {2007}
}

@inproceedings{Suchanek:2007:YCS:1242572.1242667,
author    = {Suchanek, Fabian M. and Kasneci, Gjergji and Weikum, Gerhard},
title     = {Yago: A Core of Semantic Knowledge},
booktitle = {Proceedings of the 16th International Conference on World Wide Web},
series    = {WWW '07},
year      = {2007}
}

@article{Fawcett,
author    = {Fawcett, Tom},
title     = {An Introduction to ROC Analysis},
journal   = {Pattern Recogn. Lett.},
year      = {2006}
}


