@article{Stvilia2007,
author = {Stvilia, Besiki and Gasser, Les and Twidale, Michael B. and Smith, Linda C.},
doi = {10.1002/asi.20652},
file = {:C$\backslash$:/Users/i070192/Dropbox/Documents/PhD TelecomParisTech - EURECOM - France 2012-2015/Bibliography Library/2007/Journal of the American Society for Information Science and Technology/A framework for information quality assessment - 2007.pdf:pdf},
issn = {15322882},
journal = {Journal of the American Society for Information Science and Technology},
month = oct,
number = {12},
pages = {1720--1733},
title = {{A framework for information quality assessment}},
url = {http://doi.wiley.com/10.1002/asi.20652},
volume = {58},
year = {2007}
}
@article{MamoruOhtaiKoujiKozaki2011,
author = {{Mamoru Ohtai, Kouji Kozaki}, and Riichiro Mizoguchi},
file = {:C$\backslash$:/Users/i070192/Dropbox/Documents/PhD TelecomParisTech - EURECOM - France 2012-2015/Bibliography Library/2011/Web Intelligence Conference (AWIC2011)/A Quality Assurance Framework for Ontology Construction and Reﬁnement.pdf - 2011.pdf:pdf},
journal = {Web Intelligence Conference (AWIC2011)},
publisher = {Web Intelligence Conference (AWIC2011)},
title = {{A Quality Assurance Framework for Ontology Construction and Reﬁnement.pdf}},
year = {2011}
}
@article{Suominen2013,
author = {Suominen, Osma and Mader, Christian},
doi = {10.1007/s13740-013-0026-0},
file = {:C$\backslash$:/Users/i070192/Dropbox/Documents/PhD TelecomParisTech - EURECOM - France 2012-2015/Bibliography Library/2013/Journal on Data Semantics/Assessing and Improving the Quality of SKOS Vocabularies - 2013.pdf:pdf},
issn = {1861-2032},
journal = {Journal on Data Semantics},
keywords = {controlled vocabu-,controlled vocabularies,data quality,laries online using the,linked data,organizations have published their,quality assessment,semantic web,simple knowledge organization},
month = jun,
title = {{Assessing and Improving the Quality of SKOS Vocabularies}},
url = {http://link.springer.com/10.1007/s13740-013-0026-0},
year = {2013}
}
@article{Wang1996,
author = {Wang, RY and Strong, DM},
file = {:C$\backslash$:/Users/i070192/Dropbox/Documents/PhD TelecomParisTech - EURECOM - France 2012-2015/Bibliography Library/1996/Journal of management information systems/Beyond accuracy What data quality means to data consumers - 1996.pdf:pdf},
journal = {Journal of management information systems},
title = {{Beyond accuracy: What data quality means to data consumers}},
url = {http://www.jstor.org/stable/10.2307/40398176},
year = {1996}
}
@article{Moulton2001,
author = {Moulton, Allen and Madnick, S and Siegel, M},
file = {:C$\backslash$:/Users/i070192/Dropbox/Documents/PhD TelecomParisTech - EURECOM - France 2012-2015/Bibliography Library/2001/MIT Sloan/Cross-organizational data quality and semantic integrity learning and reasoning about data semantics with context interchange med.pdf:pdf},
journal = {MIT Sloan},
number = {1},
pages = {1--4},
title = {{Cross-organizational data quality and semantic integrity: learning and reasoning about data semantics with context interchange mediation}},
url = {http://papers.ssrn.com/sol3/papers.cfm?abstract\_id=289992},
volume = {III},
year = {2001}
}
@article{Acosta2013,
author = {Acosta, Maribel and Zaveri, Amrapali and Simperl, Elena and Kontokostas, Dimitris},
file = {:C$\backslash$:/Users/i070192/Dropbox/Documents/PhD TelecomParisTech - EURECOM - France 2012-2015/Bibliography Library/2013/ISWC 2013/Crowdsourcing Linked Data quality assessment - 2013.pdf:pdf},
journal = {ISWC 2013},
title = {{Crowdsourcing Linked Data quality assessment}},
url = {http://svn.aksw.org/papers/2013/ISWC\_Crowdsourcing/public.pdf},
year = {2013}
}
@article{Pernici2003,
author = {Pernici, Barbara and Scannapieco, Monica},
file = {:C$\backslash$:/Users/i070192/Dropbox/Documents/PhD TelecomParisTech - EURECOM - France 2012-2015/Bibliography Library/2003/Journal on Data Semantics I/Data quality in web information systems - 2003.pdf:pdf},
journal = {Journal on Data Semantics I},
pages = {48--68},
title = {{Data quality in web information systems}},
url = {http://link.springer.com/chapter/10.1007/978-3-540-39733-5\_3},
year = {2003}
}
@article{Rula2011,
author = {Rula, Anisa},
file = {:C$\backslash$:/Users/i070192/Dropbox/Documents/PhD TelecomParisTech - EURECOM - France 2012-2015/Bibliography Library/2011/ISWC 2011/DC proposal towards linked data assessment and linking temporal facts - 2011.pdf:pdf},
journal = {ISWC 2011},
keywords = {linked data quality,quality assessment,temporal link-},
title = {{DC proposal: towards linked data assessment and linking temporal facts}},
url = {http://link.springer.com/chapter/10.1007/978-3-642-25093-4\_27},
year = {2011}
}
@article{Toupikov2009,
author = {Toupikov, Nickolai and Umbrich, J and Delbru, Renaud},
file = {:C$\backslash$:/Users/i070192/Dropbox/Documents/PhD TelecomParisTech - EURECOM - France 2012-2015/Bibliography Library/2009/WWW09/DING! Dataset ranking using formal descriptions - 2009.pdf:pdf},
journal = {WWW09},
title = {{DING! Dataset ranking using formal descriptions}},
url = {http://vmserver14.nuigalway.ie/xmlui/handle/10379/541},
year = {2009}
}
@article{Mader2012,
archivePrefix = {arXiv},
arxivId = {arXiv:1206.1339v1},
author = {Mader, Christian and Haslhofer, Bernhard and Isaac, Antoine},
eprint = {arXiv:1206.1339v1},
file = {:C$\backslash$:/Users/i070192/Dropbox/Documents/PhD TelecomParisTech - EURECOM - France 2012-2015/Bibliography Library/2012/Theory and Practice of Digital Libraries/Finding quality issues in SKOS vocabularies - 2012.pdf:pdf},
journal = {Theory and Practice of Digital Libraries},
title = {{Finding quality issues in SKOS vocabularies}},
url = {http://link.springer.com/chapter/10.1007/978-3-642-33290-6\_25},
year = {2012}
}
@article{D'Aquin2009,
author = {D'Aquin, M},
file = {:C$\backslash$:/Users/i070192/Dropbox/Documents/PhD TelecomParisTech - EURECOM - France 2012-2015/Bibliography Library/2009/K-CAP 09/Formally measuring agreement and disagreement in ontologies - 2009.pdf:pdf},
isbn = {9781605586588},
journal = {K-CAP 09},
keywords = {2,4,artificial intelligence,experimentation,i,knowledge,measurement,representation formalisms and methods},
title = {{Formally measuring agreement and disagreement in ontologies}},
url = {http://dl.acm.org/citation.cfm?id=1597761},
year = {2009}
}
@article{Delbru2010a,
author = {Delbru, Renaud and Toupikov, Nickolai and Catasta, Michele},
file = {:C$\backslash$:/Users/i070192/Dropbox/Documents/PhD TelecomParisTech - EURECOM - France 2012-2015/Bibliography Library/2010/The Semantic Web Research and Applications/Hierarchical link analysis for ranking web data - 2010.pdf:pdf},
journal = {The Semantic Web: Research and Applications},
title = {{Hierarchical link analysis for ranking web data}},
url = {http://link.springer.com/chapter/10.1007/978-3-642-13489-0\_16},
year = {2010}
}
@article{Madnick2006,
author = {Madnick, Stuart and Zhu, Hongwei},
file = {:C$\backslash$:/Users/i070192/Dropbox/Documents/PhD TelecomParisTech - EURECOM - France 2012-2015/Bibliography Library/2006/Data \& Knowledge Engineering/Improving data quality through effective use of data semantics - 2006.pdf:pdf},
journal = {Data \& Knowledge Engineering},
keywords = {context,data quality,data semantics,ontology,semantic heterogeneity},
number = {October},
pages = {1--19},
title = {{Improving data quality through effective use of data semantics}},
url = {http://www.sciencedirect.com/science/article/pii/S0169023X05001497},
year = {2006}
}
@article{Duque-ramos2011,
author = {Duque-ramos, Astrid and Fern\'{a}ndez-breis, Jesualdo Tom\'{a}s and Stevens, Robert and Aussenac-gilles, Nathalie},
file = {:C$\backslash$:/Users/i070192/Dropbox/Documents/PhD TelecomParisTech - EURECOM - France 2012-2015/Bibliography Library/2011/Journal of Research and Practice in Information Technology, Software Engineering and Semantic Web Technologies/OQuaRE A SQuaRE-based Appro.pdf:pdf},
journal = {Journal of Research and Practice in Information Technology, Software Engineering and Semantic Web Technologies},
keywords = {13 reusable software,2,4 knowledge repre -,acm computing classification system,d,i,iso 25000,ontology quality,semantic web,sentation formalisms and methods,software quality},
number = {2},
title = {{OQuaRE : A SQuaRE-based Approach for Evaluating the Quality of Ontologies}},
volume = {43},
year = {2011}
}
@article{Mader2013,
author = {Mader, Christian and Haslhofer, Bernhard},
file = {:C$\backslash$:/Users/i070192/Dropbox/Documents/PhD TelecomParisTech - EURECOM - France 2012-2015/Bibliography Library/2013/I-SEMANTICS 2013/Perception and Relevance of Quality Issues in Web Vocabularies - 2013.pdf:pdf},
isbn = {9781450319720},
journal = {I-SEMANTICS 2013},
title = {{Perception and Relevance of Quality Issues in Web Vocabularies}},
url = {http://eprints.cs.univie.ac.at/3720},
year = {2013}
}
@article{Framework2012,
author = {Framework, Conceptual and Zaveri, Amrapali and Rula, Anisa and Maurino, Andrea and Pietrobon, Ricardo and Lehmann, Jens},
file = {:C$\backslash$:/Users/i070192/Dropbox/Documents/PhD TelecomParisTech - EURECOM - France 2012-2015/Bibliography Library/2012/Semantic Web Journal/Quality Assessment Methodologies for Linked Open Data - 2012.pdf:pdf},
journal = {Under review, Semantic Web Journal},
keywords = {assessment,data quality,linked data,survey},
pages = {1--5},
title = {{Quality Assessment Methodologies for Linked Open Data}},
volume = {1},
year = {2012}
}
@article{Mendes2012,
author = {Mendes, PN and M\"{u}hleisen, Hannes and Bizer, Christian},
file = {:C$\backslash$:/Users/i070192/Dropbox/Documents/PhD TelecomParisTech - EURECOM - France 2012-2015/Bibliography Library/2012/LWDM2012 - Proceedings of the 2012 Joint EDBT/Sieve linked data quality assessment and fusion - 2012.pdf:pdf},
isbn = {9781450307901},
journal = {LWDM2012 - Proceedings of the 2012 Joint EDBT},
keywords = {data,data integration,data quality,fusion,linked data,rdf,semantic web},
title = {{Sieve: linked data quality assessment and fusion}},
url = {http://dl.acm.org/citation.cfm?id=2320803},
year = {2012}
}
@article{Delbru2010,
author = {Delbru, Renaud},
file = {:C$\backslash$:/Users/i070192/Dropbox/Documents/PhD TelecomParisTech - EURECOM - France 2012-2015/Bibliography Library/2010/WWW10/Sindice at SemSearch 2010 - 2010.pdf:pdf},
journal = {WWW10},
title = {{Sindice at SemSearch 2010}},
url = {http://km.aifb.kit.edu/ws/semsearch10/Files/deri.pdf},
year = {2010}
}
@article{Furber2011a,
author = {F\"{u}rber, C and Hepp, M},
file = {:C$\backslash$:/Users/i070192/Dropbox/Documents/PhD TelecomParisTech - EURECOM - France 2012-2015/Bibliography Library/2011/ECIS 2011/SWIQA–A Semantic Web information quality assessment framework - 2011.pdf:pdf},
journal = {ECIS 2011},
keywords = {data quality,information quality,linked data,semantic web,sparql,trust},
title = {{SWIQA–A Semantic Web information quality assessment framework}},
url = {http://aisel.aisnet.org/ecis2011/76/},
year = {2011}
}
@article{Wood2010,
author = {Wood, Stephen},
file = {:C$\backslash$:/Users/i070192/Dropbox/Documents/PhD TelecomParisTech - EURECOM - France 2012-2015/Bibliography Library/2010/Other Conferences/The Equation between Semantics and Data Quality - 2010.pdf:pdf},
journal = {Other Conferences},
keywords = {business rules,data integration,data quality,expert systems,ontology,semantics},
title = {{The Equation between Semantics and Data Quality}},
url = {http://www.bbk.ac.uk/tpru/StephenWood/Publications/TheEquationbetweenSemanticsandDataQuality.pdf},
year = {2010}
}
@article{Furber2011,
address = {New York, New York, USA},
author = {F\"{u}rber, Christian and Hepp, Martin},
doi = {10.1145/1966901.1966903},
file = {:C$\backslash$:/Users/i070192/Dropbox/Documents/PhD TelecomParisTech - EURECOM - France 2012-2015/Bibliography Library/2011/Proceedings of the 1st International Workshop on Linked Web Data Management - LWDM '11/Towards a vocabulary for data quality management in.pdf:pdf},
isbn = {9781450306089},
journal = {Proceedings of the 1st International Workshop on Linked Web Data Management - LWDM '11},
pages = {1},
publisher = {ACM Press},
title = {{Towards a vocabulary for data quality management in semantic web architectures}},
url = {http://portal.acm.org/citation.cfm?doid=1966901.1966903},
year = {2011}
}
@article{Kontokostas2013,
author = {Kontokostas, Dimitris and Zaveri, Amrapali and Auer, S and Lehmann, J},
file = {:C$\backslash$:/Users/i070192/Dropbox/Documents/PhD TelecomParisTech - EURECOM - France 2012-2015/Bibliography Library/2013/4th Conference on Knowledge Engineering and Semantic Web/TripleCheckMate A Tool for Crowdsourcing the Quality Assessment of Linked Data - 2.pdf:pdf},
journal = {4th Conference on Knowledge Engineering and Semantic Web},
keywords = {data quality,dbpedia,linked data},
pages = {1--8},
title = {{TripleCheckMate: A Tool for Crowdsourcing the Quality Assessment of Linked Data}},
url = {http://jens-lehmann.org/files/2013/kesw\_triplecheckmate.pdf},
year = {2013}
}
@article{Shanks1999,
author = {Shanks, Graeme and Corbitt, B},
file = {:C$\backslash$:/Users/i070192/Dropbox/Documents/PhD TelecomParisTech - EURECOM - France 2012-2015/Bibliography Library/1999/Proceedings of the 10th Australasian Conference on \ldots/Understanding data quality Social and cultural aspects - 1999.pdf:pdf},
journal = {Proceedings of the 10th Australasian Conference on \ldots},
keywords = {data management,data quality},
number = {1998},
pages = {785--797},
title = {{Understanding data quality: Social and cultural aspects}},
url = {http://citeseerx.ist.psu.edu/viewdoc/download?doi=10.1.1.5.4092\&rep=rep1\&type=pdf},
year = {1999}
}
@article{Harth2009,
author = {Harth, Andreas and Kinsella, Sheila and Decker, Stefan},
file = {:C$\backslash$:/Users/i070192/Dropbox/Documents/PhD TelecomParisTech - EURECOM - France 2012-2015/Bibliography Library/2009/ISWC 2009/Using naming authority to rank data and ontologies for web search - 2009.pdf:pdf},
journal = {ISWC 2009},
title = {{Using naming authority to rank data and ontologies for web search}},
url = {http://link.springer.com/chapter/10.1007/978-3-642-04930-9\_18},
volume = {2},
year = {2009}
}
@article{Furber2010,
author = {F\"{u}rber, Christian and Hepp, Martin},
file = {:C$\backslash$:/Users/i070192/Dropbox/Documents/PhD TelecomParisTech - EURECOM - France 2012-2015/Bibliography Library/2010/Knowledge Engineering and Management by the \ldots/Using semantic web resources for data quality management - 2010.pdf:pdf},
journal = {Knowledge Engineering and Management by the \ldots},
keywords = {based data quality management,data,data quality management,geonames,linked,metadata management,ontologies,ontology-,semantic web,sparql,trust},
pages = {1--15},
title = {{Using semantic web resources for data quality management}},
url = {http://link.springer.com/chapter/10.1007/978-3-642-16438-5\_15},
year = {2010}
}
@article{Furber2010a,
author = {F\"{u}rber, Christian and Hepp, Martin},
file = {:C$\backslash$:/Users/i070192/Dropbox/Documents/PhD TelecomParisTech - EURECOM - France 2012-2015/Bibliography Library/2010/Business Information Systems/Using SPARQL and SPIN for Data Quality Management on the Semantic Web - 2010.pdf:pdf},
journal = {Business Information Systems},
keywords = {data quality management,linked data,ontologies,ontology-based data quality management,rdf,semantic web,sparql,spin},
number = {1},
pages = {1--12},
title = {{Using SPARQL and SPIN for Data Quality Management on the Semantic Web}},
url = {http://link.springer.com/chapter/10.1007/978-3-642-12814-1\_4},
year = {2010}
}
@article{Hogan2010,
author = {Hogan, Aidan and Harth, Andreas and Passant, Alexandre and Decker, Stefan and Polleres, Axel},
file = {:C$\backslash$:/Users/i070192/Dropbox/Documents/PhD TelecomParisTech - EURECOM - France 2012-2015/Bibliography Library/2010/LDOW 2010/Weaving the pedantic web - 2010.pdf:pdf},
journal = {LDOW 2010},
keywords = {linked data,rdf e,rdf publishing,rdf validation},
title = {{Weaving the pedantic web}},
url = {http://vmserver14.nuigalway.ie/xmlui/handle/10379/1093},
year = {2010}
}
@article{Ding2005,
author = {Ding, Li and Pan, Rong and Finin, Tim and Joshi, Anupam},
file = {:C$\backslash$:/Users/i070192/Dropbox/Documents/PhD TelecomParisTech - EURECOM - France 2012-2015/Bibliography Library/2005/ISWC 2005/Finding and ranking knowledge on the semantic web - 2005.pdf:pdf},
journal = {ISWC 2005},
number = {November},
title = {{Finding and ranking knowledge on the semantic web}},
url = {http://link.springer.com/chapter/10.1007/11574620\_14},
year = {2005}
}
@article{Kahn2002,
author = {Kahn, Beverly K. and Strong, Diane M. and Wang, Richard Y.},
doi = {10.1145/505999.506007},
file = {:C$\backslash$:/Users/i070192/Dropbox/Documents/PhD TelecomParisTech - EURECOM - France 2012-2015/Bibliography Library/2002/Unknown/Information Quality Benchmarks Product and Service Performance - 2002.pdf:pdf},
issn = {00010782},
journal = {Communications of the ACM},
month = apr,
number = {4ve},
pages = {184--192},
title = {{Information quality benchmarks: product and service performance}},
url = {http://portal.acm.org/citation.cfm?doid=505999.506007},
volume = {45},
year = {2002}
}
@article{Vandenbussche2013,
author = {Vandenbussche, PY and Aranda, CB and Hogan, Aidan and Umbrich, J},
file = {:C$\backslash$:/Users/i070192/Dropbox/Documents/PhD TelecomParisTech - EURECOM - France 2012-2015/Bibliography Library/2013/ISWC 2013/Monitoring the Status of SPARQL Endpoints - 2013.pdf:pdf},
journal = {ISWC 2013},
number = {3130617},
pages = {3--6},
title = {{Monitoring the Status of SPARQL Endpoints}},
url = {http://ceur-ws.org/Vol-1035/iswc2013\_demo\_21.pdf},
volume = {1380},
year = {2013}
}
@article{Tartir2005,
author = {Tartir, Samir and Arpinar, I Budak and Moore, Michael and Sheth, Amit P and Aleman-meza, Boanerges},
file = {:C$\backslash$:/Users/i070192/Dropbox/Documents/PhD TelecomParisTech - EURECOM - France 2012-2015/Bibliography Library/2005/IEEE Workshop on Knowledge Acquisition from Distributed, Autonomous, Semantically Heterogeneous Data and Knowledge Sources/OntoQA Metric-B.pdf:pdf},
journal = {IEEE Workshop on Knowledge Acquisition from Distributed, Autonomous, Semantically Heterogeneous Data and Knowledge Sources},
keywords = {GlycO,Jena,OWL,OntoQA,Ontology,Quality,RDF,RDF-S,SWETO,Semantic Web,Sesame},
title = {{OntoQA : Metric-Based Ontology Quality Analysis University of Georgia}},
year = {2005}
}
@article{Bohm2010,
author = {Bohm, Christophe and Naumann, Felix and Abedjan, Ziawasch and Dandy, Fenz and Grutze, Toni and Hefenbrock, Daniel and Pohl, Matthias and Sonnabend, David},
file = {:C$\backslash$:/Users/i070192/Dropbox/Documents/PhD TelecomParisTech - EURECOM - France 2012-2015/Bibliography Library/2010/ICDE 2010/Proﬁling Linked Open Data with ProLOD.PDF - 2010.PDF:PDF},
journal = {ICDE 2010},
title = {{Proﬁling Linked Open Data with ProLOD.PDF}},
year = {2010}
}
@article{Buil-Aranda2013,
author = {Buil-Aranda, C and Hogan, Aidan},
file = {:C$\backslash$:/Users/i070192/Dropbox/Documents/PhD TelecomParisTech - EURECOM - France 2012-2015/Bibliography Library/2013/International \ldots/SPARQL Web-Querying Infrastructure Ready for Action - 2013.pdf:pdf},
journal = {International \ldots},
title = {{SPARQL Web-Querying Infrastructure: Ready for Action?}},
url = {http://vmwebsrv01.deri.ie/sites/default/files/publications/paperiswc.pdf},
year = {2013}
}
@article{Ding2004,
author = {Ding, L and Finin, Tim and Joshi, A and Pan, R and Cost, RS},
file = {:C$\backslash$:/Users/i070192/Dropbox/Documents/PhD TelecomParisTech - EURECOM - France 2012-2015/Bibliography Library/2004/CIKM04/Swoogle A semantic web search and metadata engine - 2004.pdf:pdf},
journal = {CIKM04},
keywords = {a measure of the,and to compute the,document,importance,of a semantic web,of documents,one of the interesting,properties we compute is,rank,similarity among a set,to find relevant documents},
title = {{Swoogle: A semantic web search and metadata engine}},
url = {http://itu.dk/~martynas/NLPandSW/Articles/Swoogle - A semantic web search and metadata engine.pdf},
year = {2004}
}
@article{Furber2011b,
address = {New York, New York, USA},
author = {F\"{u}rber, Christian and Hepp, Martin},
doi = {10.1145/1966901.1966903},
file = {:C$\backslash$:/Users/i070192/Dropbox/Documents/PhD TelecomParisTech - EURECOM - France 2012-2015/Bibliography Library/2011/Unknown/Towards a Vocabulary for Data Quality Management in Semantic Web Architectures - 2011.pdf:pdf},
isbn = {9781450306089},
journal = {Proceedings of the 1st International Workshop on Linked Web Data Management - LWDM '11},
pages = {1},
publisher = {ACM Press},
title = {{Towards a vocabulary for data quality management in semantic web architectures}},
url = {http://portal.acm.org/citation.cfm?doid=1966901.1966903},
year = {2011}
}
@article{Ding2005a,
author = {Ding, Li and Finin, Tim and Peng, Yun},
file = {:C$\backslash$:/Users/i070192/Dropbox/Documents/PhD TelecomParisTech - EURECOM - France 2012-2015/Bibliography Library/2005/ISWC 2005/Tracking rdf graph provenance using rdf molecules - 2005.pdf:pdf},
journal = {ISWC 2005},
pages = {1--2},
title = {{Tracking rdf graph provenance using rdf molecules}},
url = {ftp://www.ksl.stanford.edu/local/pub/KSL\_Reports/KSL-05-06.pdf},
year = {2005}
}
@article{Furber2010b,
author = {F\"{u}rber, Christian and Hepp, Martin},
file = {:C$\backslash$:/Users/i070192/Dropbox/Documents/PhD TelecomParisTech - EURECOM - France 2012-2015/Bibliography Library/Unknown/Business Information Systems/Using SPARQL and SPIN for Data Quality Management on the Semantic Web - Unknown.pdf:pdf},
journal = {Business Information Systems},
keywords = {data quality management,linked data,ontologies,ontology-based data quality management,rdf,semantic web,sparql,spin},
number = {1},
pages = {1--12},
title = {{Using SPARQL and SPIN for data quality management on the Semantic Web}},
url = {http://link.springer.com/chapter/10.1007/978-3-642-12814-1\_4},
year = {2010}
}
@article{Sanchez2013,
author = {S\'{a}nchez, JLG and Garc\'{\i}a, Roberto and Brunetti, JM},
file = {:C$\backslash$:/Users/i070192/Dropbox/Documents/PhD TelecomParisTech - EURECOM - France 2012-2015/Bibliography Library/2013/Journal of Universal Computer Science/Using SWET-QUM to Compare the Quality in Use of Semantic Web Exploration Tools - 2013.pdf:pdf},
journal = {Journal of Universal Computer Science},
keywords = {2,4,5,categories,evaluation,h,quality,semantic web,usability,user experience},
number = {8},
pages = {1025--1045},
title = {{Using SWET-QUM to Compare the Quality in Use of Semantic Web Exploration Tools}},
url = {http://www.jucs.org/jucs\_19\_8/using\_SWET\_QUM\_to/jucs\_19\_08\_1025\_1045\_sanchez.pdf},
volume = {19},
year = {2013}
}
@ONLINE{bizer2011,
author = {Bizer, Chris and Jentzsch, Anja and Cyganiak, Richard},
title = {State of the LOD Cloud},
month = sept,
year = {2011},
url = {http://lod-cloud.net/state/}
}
@article{Boyd2011,
author = {Boyd, D and Crawford, Kate},
file = {:C$\backslash$:/Users/i070192/Dropbox/Documents/PhD TelecomParisTech - EURECOM - France 2012-2015/Bibliography Library/2011/A Decade in Internet Time Symposium on the Dynamics of the Internet and Society/Six provocations for big data - 2011.pdf:pdf},
journal = {A Decade in Internet Time: Symposium on the Dynamics of the Internet and Society},
mendeley-groups = {Data Quality},
pages = {1--17},
title = {{Six provocations for big data}},
url = {http://papers.ssrn.com/sol3/papers.cfm?abstract\_id=1926431},
year = {2011}
}
@article{assaf2012,
author    = {Ahmad Assaf and Aline Senart},
title     = {Data Quality Principles in the Semantic Web},
journal   = {CoRR},
volume    = {abs/1305.4054},
year      = {2013},
ee        = {http://arxiv.org/abs/1305.4054},
bibsource = {DBLP, http://dblp.uni-trier.de}
}
@book{juran-j-1999-quality,
added-at = {2013-04-10T16:55:53.000+0200},
author = {Juran, Joseph. M. and Godfrey, A. Blanton},
biburl = {http://www.bibsonomy.org/bibtex/2f2b0c45e28154eb4fe3f543d8c7bce66/mgns},
interhash = {dd94de68606bae81556cd7bc732dc996},
intrahash = {f2b0c45e28154eb4fe3f543d8c7bce66},
isbn = {9780070340039},
keywords = {book dataquality handbook},
lccn = {98043311},
publisher = {McGraw Hill},
series = {Juran's quality handbook, 5e},
timestamp = {2013-04-10T16:55:53.000+0200},
title = {Juran's quality handbook},
url = {http://books.google.de/books?id=beVTAAAAMAAJ},
year = 1999
}
@techreport{Lawrence981,
author ={Lawrence, Page and Sergey, Brin and Motwani, Rajeev and Winograd, Terry},
title ={The PageRank Citation Ranking: Bringing Order to the Web},
institution = {Stanford University},
type = {Technical Report},
year  ={1998}
}

@TechReport{tim:linkedata,
author      = "Tim,Berners-Lee",
title       = "Linked Data",
month       = jul,
note        = "http://www.w3.org/DesignIssues/LinkedData.html",
year        = "2006",
institution = "W3C",
}

@masterthesis{flemming2010,
author = "Flemming,A",
title  = "Quality Characteristics of Linked Data Publishing Datasources",
school = "Humboldt-Universität zu Berlin",
year   = "2010"
}

@INPROCEEDINGS{Agrawal94fastalgorithms,
    author = {Rakesh Agrawal and Ramakrishnan Srikant},
    title = {Fast algorithms for mining association rules},
    booktitle = {Proc. of 20th Intl. Conf. on VLDB},
    year = {1994},
    pages = {487--499}
}
@inproceedings{Lei:2007:FES:1298406.1298431,
 author = {Lei, Yuangui and Uren, Victoria and Motta, Enrico},
 title = {A framework for evaluating semantic metadata},
 booktitle = {Proceedings of the 4th international conference on Knowledge capture},
 series = {K-CAP '07},
 year = {2007},
 isbn = {978-1-59593-643-1},
 location = {Whistler, BC, Canada},
 pages = {135--142},
 numpages = {8},
 url = {http://doi.acm.org/10.1145/1298406.1298431},
 doi = {10.1145/1298406.1298431},
 acmid = {1298431},
 publisher = {ACM},
 address = {New York, NY, USA},
 keywords = {data quality, semantic Web, semantic metadata evaluation},
} 
@article{Kleinberg:1999,
 author = {Kleinberg, Jon M.},
 title = {Authoritative sources in a hyperlinked environment},
 journal = {J. ACM},
 issue_date = {Sept. 1999},
 volume = {46},
 number = {5},
 month = sep,
 year = {1999},
 issn = {0004-5411},
 pages = {604--632},
 numpages = {29},
 url = {http://doi.acm.org/10.1145/324133.324140},
 doi = {10.1145/324133.324140},
 acmid = {324140},
 publisher = {ACM},
 address = {New York, NY, USA},
 keywords = {World Wide Web, graph algorithms, hypertext structure, link analysis},
} 
@inproceedings{Brin:1998,
 author = {Brin, Sergey and Page, Lawrence},
 title = {The anatomy of a large-scale hypertextual Web search engine},
 booktitle = {Proceedings of the seventh international conference on World Wide Web 7},
 series = {WWW7},
 year = {1998},
 location = {Brisbane, Australia},
 pages = {107--117},
 numpages = {11},
 url = {http://dl.acm.org/citation.cfm?id=297805.297827},
 acmid = {297827},
 publisher = {Elsevier Science Publishers B. V.},
 address = {Amsterdam, The Netherlands, The Netherlands},
 keywords = {Google, PageRank, World Wide Web, information retrieval, search engines},
}
@MISC{Chakrabarti99miningthe,
    author = {Soumen Chakrabarti and Byron E. Dom and S. Ravi Kumar and Prabhakar Raghavan and Sridhar Rajagopalan and Andrew Tomkins and David Gibson and Jon Kleinberg},
    title = {Mining the Web's Link Structure},
    year = {1999}
}
@INPROCEEDINGS{Hogan06reconrank:a,
    author = {Aidan Hogan and Andreas Harth and Stefan Decker},
    title = {ReConRank: A Scalable Ranking Method for Semantic Web Data with Context},
    booktitle = {In 2nd Workshop on Scalable Semantic Web Knowledge Base Systems},
    year = {2006}
}
@ARTICLE{Oren_sindice.com:a,
    author = {Eyal Oren and Renaud Delbru and Michele Catasta and Richard Cyganiak and Giovanni Tummarello},
    title = {Sindice.com: A document-oriented lookup index for open linked data},
    journal = {International Journal of Metadata, Semantics and Ontologies},
    year = {},
    volume = {3},
    pages = {2008}
}
@book{harpring_introduction_2010,
  abstract = {An online publication that defines the characteristics, scope, and uses of controlled vocabularies for art and cultural materials, and explains how vocabularies should be integrated in cataloging systems and utilized for indexing and retrieval.},
  added-at = {2010-08-25T13:28:19.000+0200},
  address = {Los Angeles},
  author = {Harpring, Patricia},
  biburl = {http://www.bibsonomy.org/bibtex/2206b48c140597446deb665225f11088d/acka47},
  interhash = {bffbd4f065b2a9c397551ca563a7b690},
  intrahash = {206b48c140597446deb665225f11088d},
  isbn = {978-1-60606-026-1},
  keywords = {LIS controlledvocabulary inhaltserschließung},
  publisher = {Getty Research Institute},
  timestamp = {2010-08-25T13:28:19.000+0200},
  title = {Introduction to Controlled Vocabularies: Terminology for Art, Architecture, and Other Cultural Works},
  url = {http://www.getty.edu/research/conducting_research/standards/intro_controlled_vocab/index.html},
  year = 2010
}
@incollection{oops,
year={2012},
isbn={978-3-642-33875-5},
booktitle={Knowledge Engineering and Knowledge Management},
volume={7603},
series={Lecture Notes in Computer Science},
editor={Teije, Annette and Völker, Johanna and Handschuh, Siegfried and Stuckenschmidt, Heiner and d’Acquin, Mathieu and Nikolov, Andriy and Aussenac-Gilles, Nathalie and Hernandez, Nathalie},
doi={10.1007/978-3-642-33876-2_24},
title={Validating Ontologies with OOPS!},
url={http://dx.doi.org/10.1007/978-3-642-33876-2_24},
publisher={Springer Berlin Heidelberg},
keywords={ontology; pitfalls; ontology evaluation; ontology validation},
author={Poveda-Villalón, María and Suárez-Figueroa, MariCarmen and Gómez-Pérez, Asunción},
pages={267-281}
}
@inproceedings{Suominen:2012:IQS:2413941.2413985,
 author = {Suominen, Osma and Hyv\"{o}nen, Eero},
 title = {Improving the quality of SKOS vocabularies with skosify},
 booktitle = {Proceedings of the 18th international conference on Knowledge Engineering and Knowledge Management},
 series = {EKAW'12},
 year = {2012},
 isbn = {978-3-642-33875-5},
 location = {Galway City, Ireland},
 pages = {383--397},
 numpages = {15},
 url = {http://dx.doi.org/10.1007/978-3-642-33876-2_34},
 doi = {10.1007/978-3-642-33876-2_34},
 acmid = {2413985},
 publisher = {Springer-Verlag},
 address = {Berlin, Heidelberg},
}
@article{bizer_dbpedia_2009,
	title = {{DBpedia} - A crystallization point for the Web of Data},
	volume = {7},
	issn = {15708268},
	url = {http://linkinghub.elsevier.com/retrieve/pii/S1570826809000225},
	doi = {10.1016/j.websem.2009.07.002},
	number = {3},
	urldate = {2013-04-12},
	journal = {Web Semantics: Science, Services and Agents on the World Wide Web},
	author = {Bizer, Christian and Lehmann, Jens and Kobilarov, Georgi and Auer, Sören and Becker, Christian and Cyganiak, Richard and Hellmann, Sebastian},
	month = sep,
	year = {2009},
	pages = {154--165}
}
@inproceedings{conf/owled/SirinSW08,
  added-at = {2009-02-15T00:00:00.000+0100},
  author = {Sirin, Evren and Smith, Michael and Wallace, Evan},
  biburl = {http://www.bibsonomy.org/bibtex/2e59bdbb3bfb844bf3fb5eb41c34fa04d/dblp},
  booktitle = {OWLED},
  crossref = {conf/owled/2008},
  date = {2009-02-15},
  description = {dblp},
  editor = {Dolbear, Catherine and Ruttenberg, Alan and Sattler, Ulrike},
  ee = {http://ceur-ws.org/Vol-432/owled2008eu_submission_30.pdf},
  interhash = {c8be7b5a86607121be60c765ad8f6b1e},
  intrahash = {e59bdbb3bfb844bf3fb5eb41c34fa04d},
  keywords = {dblp},
  publisher = {CEUR-WS.org},
  series = {CEUR Workshop Proceedings},
  timestamp = {2009-02-15T00:00:00.000+0100},
  title = {Opening, Closing Worlds - On Integrity Constraints.},
  url = {http://dblp.uni-trier.de/db/conf/owled/owled2008.html#SirinSW08},
  volume = 432,
  year = 2008
}
@inproceedings{conf/hicss/TaoDM09,
  added-at = {2009-02-17T00:00:00.000+0100},
  author = {Tao, Jiao and Ding, Li and McGuinness, Deborah L.},
  biburl = {http://www.bibsonomy.org/bibtex/2f5d8a4abf6f6604deda92a3962d4cb37/dblp},
  booktitle = {HICSS},
  crossref = {conf/hicss/2009},
  date = {2009-02-17},
  description = {dblp},
  ee = {http://dx.doi.org/10.1109/HICSS.2009.263},
  interhash = {3be7f5496c148abd18b648a53e637c74},
  intrahash = {f5d8a4abf6f6604deda92a3962d4cb37},
  keywords = {dblp},
  pages = {1-10},
  publisher = {IEEE Computer Society},
  timestamp = {2009-02-17T00:00:00.000+0100},
  title = {Instance Data Evaluation for Semantic Web-Based Knowledge Management Systems.},
  url = {http://dblp.uni-trier.de/db/conf/hicss/hicss2009.html#TaoDM09},
  year = 2009
}
@INPROCEEDINGS{Berrueta08cookinghttp,
    author = {Diego Berrueta and Sergio Fernández and Iván Frade},
    title = {Cooking HTTP content negotiation with Vapour},
    booktitle = {In Proceedings of 4th workshop on Scripting for the Semantic Web 2008 (SFSW2008). co-located with ESWC2008},
    year = {2008}
}
@INPROCEEDINGS{Hartig09usingweb,
    author = {Olaf Hartig and Jun Zhao},
    title = {Using web data provenance for quality assessment},
    booktitle = {In: Proc. of the Workshop on Semantic Web and Provenance Management at ISWC},
    year = {2009}
}
@article{Flouris2012,
author = {Flouris, Giorgos and Roussakis, Yannis and Poveda-Villal\'{o}n, M},
file = {:C$\backslash$:/Users/i070192/Dropbox/Documents/PhD TelecomParisTech - EURECOM - France 2012-2015/Bibliography Library/Unknown/Unknown/Using Provenance for Quality Assessment and Repair in Linked Open Data - Unknown.pdf:pdf},
pages = {1--12},
title = {{Using provenance for quality assessment and repair in linked open data}},
url = {http://oa.upm.es/14477/1/EvoDyn-12.pdf},
year = {2012}
}
@inproceedings{cs142,
       booktitle = {8th International Workshop on Web Semantics (WebS \&\#8217;09), co-located with DEXA 2009},
           month = {August},
           title = {DSNotify: Detecting and Fixing Broken Links in Linked Data Sets},
          author = {Bernhard Haslhofer and Niko Popitsch},
         address = {Berlin, Heidelberg},
       publisher = {Springer},
            year = {2009},
             url = {http://eprints.cs.univie.ac.at/142/}
}
@article{Bleiholder:2009,
 author = {Bleiholder, Jens and Naumann, Felix},
 title = {Data fusion},
 journal = {ACM Comput. Surv.},
 issue_date = {December 2008},
 volume = {41},
 number = {1},
 month = jan,
 year = {2009},
 issn = {0360-0300},
 pages = {1:1--1:41},
 articleno = {1},
 numpages = {41},
 url = {http://doi.acm.org/10.1145/1456650.1456651},
 doi = {10.1145/1456650.1456651},
 acmid = {1456651},
 publisher = {ACM},
 address = {New York, NY, USA},
 keywords = {Data cleansing, data conflicts, data consolidation, data integration, data merging, data quality},
} 
@misc{w3c_skos_rec,
  added-at = {2013-02-06T12:31:44.000+0100},
  author = {Miles, A. and Bechhofer, S.},
  biburl = {http://www.bibsonomy.org/bibtex/2783db9f1e8238ee98876d6866bc93a1d/mruhl},
  interhash = {1626d41e023b5ba10973adaef5ec6540},
  intrahash = {783db9f1e8238ee98876d6866bc93a1d},
  keywords = {imported},
  timestamp = {2013-02-06T12:31:44.000+0100},
  title = {SKOS Simple Knowledge Organization System Reference. W3C Recommendation 18 August 2009.},
  url = {http://www.w3.org/TR/2009/REC-skos-reference-20090818/},
  year = 2009
}
@misc{skosprimer,
  author = {Isaac, Antoine and Summers, Ed},
  biburl = {http://www.bibsonomy.org/bibtex/2a17f8df93e56a4f77a55019f3ee1568d/dret},
  description = {dret'd bibliography},
  howpublished = {World Wide Web Consortium, Working Draft WD-skos-primer-20080829},
  interhash = {97ec08941f06dbd6ae4bf790de4453e3},
  intrahash = {a17f8df93e56a4f77a55019f3ee1568d},
  keywords = {imported},
  month = {August},
  timestamp = {2009-01-14T00:43:43.000+0100},
  title = {SKOS Simple Knowledge Organization System Primer},
  topic = {skos[0.9]},
  uri = {http://www.w3.org/TR/2008/WD-skos-primer-20080829},
  year = 2008
}
@article{journals/ires/Living10,
  added-at = {2013-04-25T00:00:00.000+0200},
  author = {Living, Henry},
  biburl = {http://www.bibsonomy.org/bibtex/2336d2f1416c0fd1b31a2b6f8f7527841/dblp},
  ee = {http://informationr.net/ir/reviews/revs369.html},
  interhash = {ae2a5aebab56a30501db875d73c11332},
  intrahash = {336d2f1416c0fd1b31a2b6f8f7527841},
  journal = {Inf. Res.},
  keywords = {dblp},
  number = 2,
  timestamp = {2013-04-25T00:00:00.000+0200},
  title = {Review of: Hedden, Heather. The accidental taxonomist Medford, NJ: Information Today, Inc., 2010.},
  url = {http://dblp.uni-trier.de/db/journals/ires/ires15.html#Living10},
  volume = 15,
  year = 2010
}
@book{organization2005guidelines,
  title={Guidelines for the Construction, Format, and Management of Monolingual Controlled Vocabularies},
  author={Organization, N.I.S. and National Information Standards Organization (U.S.)},
  isbn={9781880124659},
  series={National information standards series},
  url={http://books.google.de/books?id=rP3gAAAAMAAJ},
  year={2005},
  publisher={NISO Press}
}
@inproceedings{conf/jcdl/Soergel05,
  added-at = {2006-02-13T00:00:00.000+0100},
  author = {Soergel, Dagobert},
  biburl = {http://www.bibsonomy.org/bibtex/2e8f71d264a2fdc297318df33f47e681d/dblp},
  booktitle = {JCDL},
  crossref = {conf/jcdl/2005},
  editor = {Marlino, Mary and Sumner, Tamara and III, Frank M. Shipman},
  ee = {http://doi.acm.org/10.1145/1065385.1065526},
  interhash = {45e1d468616072f75871df00c59640ff},
  intrahash = {e8f71d264a2fdc297318df33f47e681d},
  isbn = {1-58113-876-8},
  keywords = {dblp},
  pages = 421,
  publisher = {ACM},
  timestamp = {2006-02-13T00:00:00.000+0100},
  title = {Thesauri and ontologies in digital libraries.},
  url = {http://dblp.uni-trier.de/db/conf/jcdl/jcdl2005.html#Soergel05},
  year = 2005
}

@inproceedings{Gueret2012,
  author = {Gu{\'e}ret, Christophe and Groth, Paul T. and Stadler, Claus and Lehmann, Jens},
  biburl = {http://www.bibsonomy.org/bibtex/2e41de3cef8add9cb0d1da416ef894311/aksw},
  booktitle = {Proceedings of the 9th Extended Semantic Web Conference},
  date-modified = {2012-12-02 13:05:19 +0000},
  interhash = {0a3f7ca4c1a3a3970b0fe5e3eae381f4},
  intrahash = {e41de3cef8add9cb0d1da416ef894311},
  keywords = {2012 MOLE event_ESWC group_aksw group_mole lehmann lod2page peer-reviewed stadler sys:relevantFor:bis sys:relevantFor:infai sys:relevantFor:lod2},
  modified = {2012-12-02 13:05:19 +0000},
  owner = {jl},
  pages = {87--102},
  publisher = {Springer},
  series = {Lecture Notes in Computer Science},
  timestamp = {2013-09-17T17:01:44.000+0200},
  title = {Assessing Linked Data Mappings Using Network Measures},
  url = {http://jens-lehmann.org/files/2012/linked_mapping_qa.pdf},
  volume = 7295,
  year = 2012
}
@article{Gamble2011,
author = {Gamble, Matthew},
file = {:C$\backslash$:/Users/i070192/Dropbox/Documents/PhD TelecomParisTech - EURECOM - France 2012-2015/Bibliography Library/2011/WebSci'11/Quality, Trust, and Utility of Scientiﬁc Data on the Web Towards a Joint Model.pdf - 2011.pdf:pdf},
journal = {WebSci'11},
title = {{Quality, Trust, and Utility of Scientiﬁc Data on the Web: Towards a Joint Model.pdf}},
year = {2011}
}
@article{j.websem208,
	author = {Saeedeh Shekarpour and S.D. Katebi},
	title = {Modeling and evaluation of trust with an extension in semantic web},
	journal = {Web Semantics: Science, Services and Agents on the World Wide Web},
	volume = {8},
	number = {1},
	year = {2010},
	publisher = {Elsevier},
	keywords = {Semantic web Social network Trust Propagation Aggregation},
	issn = {1570-8268},
	url = {http://www.websemanticsjournal.org/index.php/ps/article/view/208}
}
@techreport{w3c-prov-o,
  added-at = {2012-08-25T11:37:22.000+0200},
  author = {Belhajjame, Khalid and Cheney, James and Corsar, David and Garijo, Daniel and Soiland-Reyes, Stian and Zednik, Stephan and Zhao, Jun},
  biburl = {http://www.bibsonomy.org/bibtex/2bc1b2a9b25ba749a6f0c6b08bbff0bfc/rob_123},
  date-added = {2012-08-24 17:44:52 +0000},
  date-modified = {2012-08-24 17:58:27 +0000},
  editor = {Lebo, Timothy and Sahoo, Satya and McGuinness, Deborah},
  interhash = {7592aafb137a2cab5d439889f22f2e9f},
  intrahash = {bc1b2a9b25ba749a6f0c6b08bbff0bfc},
  keywords = {ontology, owl, prov-o, provenance, provo rdf, w3c,},
  timestamp = {2012-08-25T11:37:22.000+0200},
  title = {PROV-O: The PROV Ontology},
  url = {http://www.w3.org/TR/prov-o/},
  urldate = {24 July 2012},
  year = 2012
}

@article{Hogan:2012:ESL:2263498.2264570,
 author = {Hogan, Aidan and Umbrich, J\"{u}Rgen and Harth, Andreas and Cyganiak, Richard and Polleres, Axel and Decker, Stefan},
 title = {An empirical survey of Linked Data conformance},
 journal = {Web Semant.},
 issue_date = {July, 2012},
 volume = {14},
 month = jul,
 year = {2012},
 issn = {1570-8268},
 pages = {14--44},
 numpages = {31},
 url = {http://dx.doi.org/10.1016/j.websem.2012.02.001},
 doi = {10.1016/j.websem.2012.02.001},
 acmid = {2264570},
 publisher = {Elsevier Science Publishers B. V.},
 address = {Amsterdam, The Netherlands, The Netherlands},
 keywords = {Linked Data, Rdf, Semantic web, Web, Web of data},
} 
@phdthesis{citeulike:2925559,
    abstract = {{Web-based information systems provide access to information originating from multiple information providers inside the company, from partner organizations, and from the public Web. The quality of provided information may vary as information providers have different levels of knowledge, different views of the world, and different intentions. Thus before information is used to accomplish a specific task, its quality should be assessed according to task-specific criteria. The goal of the thesis is to develop and evaluate a quality-driven information filtering framework which supports information consumers in their decision whether to accept or reject information. The main objective of the framework is to allow information consumers to apply a wide range of different subjective filtering policies. In order to facilitate the information consumers understanding of filtering decisions, the framework can generate explanations why information satisfies a specific policy. The framework is integrated into a web browser and is applied within a financial information integration scenario.}},
    author = {Bizer, Christian},
    day = {13},
    keywords = {assurance, dimensions, information, quality},
    month = mar,
    posted-at = {2008-06-25 10:36:20},
    priority = {3},
    publisher = {FB Wirtschaftswissenschaft},
    title = {{Quality-Driven Information Filtering in the Context of Web-Based Information Systems}},
    url = {http://www.diss.fu-berlin.de/diss/receive/FUDISS\_thesis\_000000002736},
    year = {2007}
}

