@inproceedings{Diaz-Aviles2012,
address   = {New York, New York, USA},
author    = {Diaz-Aviles, Ernesto and Drumond, Lucas and Schmidt-Thieme, Lars and Nejdl, Wolfgang},
booktitle = {Proceedings of the sixth ACM conference on Recommender systems - RecSys '12},
title     = {{Real-time top-n recommendation in social streams}},
year      = {2012}
}

@article{Zanardi2008,
author    = {Zanardi, Valentina and Capra, L},
journal   = {ACM conference on Recommender systems},
title     = {{Social ranking: uncovering relevant content using tag-based recommender systems}},
year      = {2008}
}

@article{Preotiuc-Pietro2012,
author    = {Preotiuc-Pietro, D and Samangooei, S},
journal   = {AAAI Publications, Sixth International AAAI Conference on Weblogs and Social Media},
title     = {{Trendminer: An architecture for real time analysis of social media text}},
year      = {2012}
}

@article{Cantador2011,
author    = {Cantador, Iv\'{a}n and Bellog\'{\i}n, Alejandro},
journal   = {E-Commerce and Web \ldots},
title     = {{Semantic contextualisation of social tag-based profiles and item recommendations}},
year      = {2011}
}

@inproceedings{Bakshy2012,
address   = {New York, New York, USA},
author    = {Bakshy, Eytan and Rosenn, Itamar and Marlow, Cameron and Adamic, Lada},
publisher = {ACM Press},
title     = {{The role of social networks in information diffusion}},
year      = {2012}
}

@inproceedings{Pennacchiotti2011,
address   = {New York, New York, USA},
author    = {Pennacchiotti, Marco and Gurumurthy, Siva},
booktitle = {WWW11},
title     = {{Investigating topic models for social media user recommendation}},
url       = {http://dl.acm.org/citation.cfm?id                                                         = 1963244 http://portal.acm.org/citation.cfm?doid = 1963192.1963244},
year      = {2011}
}

@article{Khrouf2012,
author    = {Khrouf, Houda and Atemezing, Ghislain and Rizzo, Giuseppe},
journal   = {Proceedings of the 1st Int. Workshop on Real-Time Analysis and Mining of Social Streams},
title     = {{Aggregating Social Media for Enhancing Conference Experiences}},
year      = {2012}
}
