@article{BizerHeath2009,
author = {Bizer, Christian and Heath, T and Berners-Lee, T},
journal = {International Journal on Semantic Web and Information Systems},
number = {3},
pages = {1--22},
publisher = {Elsevier},
title = {{Linked Data - The Story So Far}},
url = {http://www.citeulike.org/user/omunoz/article/5008761},
volume = {5},
year = {2009}
}

@article{Boyd2011,
author = {Boyd, D and Crawford, Kate},
journal = {A Decade in Internet Time: Symposium on the Dynamics of the Internet and Society},
pages = {1--17},
title = {{Six provocations for big data}},
url = {http://papers.ssrn.com/sol3/papers.cfm?abstract\_id=1926431},
year = {2011}
}

@incollection{semwebprofiling,
year={2012},
booktitle={Web Information Systems and Mining},
volume={7529},
series={Lecture Notes in Computer Science},
editor={Wang, FuLee and Lei, Jingsheng and Gong, Zhiguo and Luo, Xiangfeng},
title={Data Profiling for Semantic Web Data},
publisher={Springer Berlin Heidelberg},
keywords={Semantic Web; RDF; Data profiling},
author={Li, Huiying},
pages={472-479},
}