%%%%%%%%%%%%%%%%%%%%%%%%%%%%%%%%%
%%%  ESWC 2015 SOLD biblio  %%%
%%%%%%%%%%%%%%%%%%%%%%%%%%%%%%%%%

@article{BizerHeath2009,
author = {Bizer, Christian and Heath, T and Berners-Lee, T},
journal = {International Journal on Semantic Web and Information Systems},
number = {3},
pages = {1--22},
publisher = {Elsevier},
title = {{Linked Data - The Story So Far}},
url = {http://www.citeulike.org/user/omunoz/article/5008761},
volume = {5},
year = {2009}
}

@article{Boyd2011,
author = {Boyd, D and Crawford, Kate},
journal = {A Decade in Internet Time: Symposium on the Dynamics of the Internet and Society},
pages = {1--17},
title = {{Six provocations for big data}},
url = {http://papers.ssrn.com/sol3/papers.cfm?abstract\_id=1926431},
year = {2011}
}

@inproceedings{Bollacker:2008:FCC:1376616.1376746,
 author = {Bollacker, Kurt and Evans, Colin and Paritosh, Praveen and Sturge, Tim and Taylor, Jamie},
 title = {Freebase: A Collaboratively Created Graph Database for Structuring Human Knowledge},
 booktitle = {Proceedings of the 2008 ACM SIGMOD International Conference on Management of Data},
 series = {SIGMOD '08},
 year = {2008},
 isbn = {978-1-60558-102-6},
 location = {Vancouver, Canada},
 pages = {1247--1250},
 numpages = {4},
 url = {http://doi.acm.org/10.1145/1376616.1376746},
}

@article{Bizer:2009:DCP:1640541.1640848,
 author = {Bizer, Christian and Lehmann, Jens and Kobilarov, Georgi and Auer, S\"{o}ren and Becker, Christian and Cyganiak, Richard and Hellmann, Sebastian},
 title = {DBpedia - A Crystallization Point for the Web of Data},
 journal = {Web Semant.},
 issue_date = {September, 2009},
 volume = {7},
 number = {3},
 month = sep,
 year = {2009},
 issn = {1570-8268},
 pages = {154--165},
 numpages = {12},
}

@inproceedings{Suchanek:2007:YCS:1242572.1242667,
 author = {Suchanek, Fabian M. and Kasneci, Gjergji and Weikum, Gerhard},
 title = {Yago: A Core of Semantic Knowledge},
 booktitle = {Proceedings of the 16th International Conference on World Wide Web},
 series = {WWW '07},
 year = {2007},
 isbn = {978-1-59593-654-7},
 location = {Banff, Alberta, Canada},
 pages = {697--706},
 numpages = {10},
}

@INPROCEEDINGS{6690016,
author={Lalithsena, S. and Hitzler, P. and Sheth, A. and Jain, P.},
booktitle={Web Intelligence (WI) and Intelligent Agent Technologies (IAT), 2013 IEEE/WIC/ACM International Joint Conferences on},
title={Automatic Domain Identification for Linked Open Data},
year={2013},
month={Nov},
volume={1},
pages={205-212}
}

@incollection{semwebprofiling,
year={2012},
booktitle={Web Information Systems and Mining},
volume={7529},
series={Lecture Notes in Computer Science},
editor={Wang, FuLee and Lei, Jingsheng and Gong, Zhiguo and Luo, Xiangfeng},
title={Data Profiling for Semantic Web Data},
publisher={Springer Berlin Heidelberg},
keywords={Semantic Web; RDF; Data profiling},
author={Li, Huiying},
pages={472-479},
}
