@techreport {GTOS,
author       = {Kov\'{a}cs-L\'{a}ng},
title        = {{Global Terrestrial Observing System}},
institution  = {GTOS Central and Eastern European Terrestrial Data Management and Accessibility Workshop},
year         = {2000}
}

@inproceedings{Bizer:2011:EWG:2075914.2075915,
author       = {Bizer, Christian},
title        = {{Evolving the Web into a Global Data Space}},
booktitle    = {28$^{th}$ British National Conference on Advances in Databases},
year         = {2011}
}

@inproceedings{Brummer:2014:DTS:2660517.2660538,
author       = {Br\"{u}mmer Martin and Baron Ciro and Ermilov Ivan and Freudenberg Markus and Kontokostas Dimitris and Hellmann Sebastian},
title        = {{DataID: Towards Semantically Rich Metadata for Complex Datasets}},
booktitle    = {10$^{th}$ International Conference on Semantic Systems},
year         = {2014}
}

@misc{Erickson:14:DCV,
author       = {Fadi Maali and John Erickson},
title        = {{Data Catalog Vocabulary (DCAT)}},
howpublished = {W3C Recommendation},
note         = {\url{http://www.w3.org/TR/vocab-dcat/}},
year         = {2014}
}

@misc{nomoneyLOD,
title        = {{There's No Money in Linked Data}},
author       = {Prateek Jain and Pascal Hitzler and Krzysztof Janowicz and Chitra Venkatramani},
year         = {2013},
note         = {\url{http://knoesis.wright.edu/faculty/pascal/pub/nomoneylod.pdf}},
}

@article{Boyd2011,
author       = {Boyd, D and Crawford, Kate},
journal      = {A Decade in Internet Time: Symposium on the Dynamics of the Internet and Society},
title        = {{Six provocations for big data}},
year         = {2011}
}

@article{Bizer:2009:DCP:1640541.1640848,
author       = {Bizer, Christian and Lehmann, Jens and Kobilarov, Georgi and Auer, S\"{o}ren and Becker, Christian and Cyganiak, Richard and Hellmann, Sebastian},
title        = {{DBpedia - A Crystallization Point for the Web of Data}},
journal      = {Journal of Web Semantics},
volume       = {7},
number       = {3},
year         = {2009}
}

@TechReport{Graham:11,
author       = {Graham Vickery},
title        = {{Review of Recent Studies on PSI-use and Related Market Developments}},
institution  = {EC DG Information Society},
year         = {2011}
}

@TechReport{NISO:04,
author       = {NISO Press},
title        = {{Understanding Metadata}},
institution  = {National Information Standards Organization},
year         = {2004}
}

@article{BoHm:2011:CVD:2030805.2031001,
author       = {B\"{o}Hm, Christoph and Lorey, Johannes and Naumann, Felix},
title        = {{Creating voiD Descriptions for Web-scale Data}},
journal      = {Journal of Web Semantics},
volume       = {9},
number       = {3},
pages        = {339--345},
year         = {2011}
}

@misc{ADMS:13:W3C,
author       = {Phil Archer and Gofran Shukair},
title        = {{Asset Description Metadata Schema (ADMS)}},
howpublished = {W3C Working Group Note},
note         = {\url{http://www.w3.org/TR/vocab-adms/}},
year         = {2013}
}
