@article{BizerHeath2009,
author    = {Bizer, Christian and Heath, T and Berners-Lee, T},
journal   = {International Journal on Semantic Web and Information Systems},
title     = {{Linked Data - The Story So Far}},
url       = {http://www.citeulike.org/user/omunoz/article/5008761},
year      = {2009}
}

@article{Boyd2011,
author    = {Boyd, D and Crawford, Kate},
journal   = {A Decade in Internet Time: Symposium on the Dynamics of the Internet and Society},
title     = {{Six provocations for big data}},
year      = {2011}
}

@incollection{semwebprofiling,
year      = {2012},
booktitle = {Web Information Systems and Mining},
title     = {Data Profiling for Semantic Web Data},
author    = {Li, Huiying}
}

@inproceedings{Bizer:2011:EWG:2075914.2075915,
author    = {Bizer, Christian},
title     = {Evolving the Web into a Global Data Space},
booktitle = {Proceedings of the 28th British National Conference on Advances in Databases},
year      = {2011}
}

@inproceedings{DBLP:conf/semweb/SchmachtenbergBP14,
author    = {Max Schmachtenberg and Christian Bizer and Heiko Paulheim},
title     = {Adoption of the Linked Data Best Practices in Different Topical Domains},
booktitle = {The Semantic Web - ISWC 2014 - 13th International Semantic Web Conference,
               Riva del Garda, Italy, October 19-23, 2014. Proceedings, Part {I}},
year      = {2014}
}

@online {SOLOD,
author    = {Jentzsch, A., Cyganiak, R., Bizer, C},
title     = {{State of the lod cloud}},
url       = {http://lod-cloud.net/state/},
urldata   = {09-2011}
}

@inproceedings{conf/semweb/IseleUBH10,
author    = {Isele, Robert and Umbrich, JÃ¼rgen and Bizer, Christian and Harth, Andreas},
booktitle = {ISWC Posters \& Demos},
series    = {CEUR Workshop Proceedings},
title     = {LDspider: An Open-source Crawling Framework for the Web of Linked Data.},
year      = 2010
}

@TechReport{Erickson:14:DCV,
author    = "John Erickson and Fadi Maali",
title     = "Data Catalog Vocabulary ({DCAT})",
note      = "http://www.w3.org/TR/2014/REC-vocab-dcat-20140116/",
year      = "2014"
}

@TechReport{Cyganiak:11:DLD,
author    = "Richard Cyganiak and Jun Zhao and Michael Hausenblas and Keith Alexander",
title     = "Describing Linked Datasets with the {VoID} Vocabulary",
year      = "2011"
}

@article{BoHm:2011:CVD:2030805.2031001,
author    = {B\"{o}Hm, Christoph and Lorey, Johannes and Naumann, Felix},
title     = {Creating voiD Descriptions for Web-scale Data},
journal   = {Web Semant.},
year      = {2011}
}

@misc{nebert2004developing,
author    = {Nebert, D.},
title     = {Developing Spatial Data Infrastructures: The SDI Cookbook. Technical report, Global Spatial Data Infrastructure},
url       = {http://www.gsdi.org/docs2004/Cookbook/cookbookV2.0.pdf},
year      = 2004
}

@inproceedings{+4525,
year      = {2015},
title     = {{R}oomba: automatic validation, correction and generation of dataset metadata},
author    = {{A}ssaf, {A}hmad and  {S}{\'e}nart, {A}line and  {T}roncy, {R}apha{\"e}l },
booktitle = {WWW 2015 Companion,}{May 18--22, 2015, Florence, Italy}
}