

@article {Zacks:01,
	title = {Human Brain Activity Time-locked to Perceptual Event Boundaries},
	journal = {Nature Neuroscience},
	volume = {4},
	year = {2001},
	pages = {2126-2431},
	author = {Zacks, J.M and Braver, T.S and Sheridan, M.A. and Donaldson, D.I and Snyder, A.Z and Ollinger, J.M. and RL Buckner and Raichle, M.E}
}

@inproceedings{Troncy:COLD10,
  author    = {Rapha\"el Troncy and Andr\'e T. S. Fialho and Lynda Hardman and Carsten Saathoff},
  title     = {Experiencing Events through User-Generated Media},
  booktitle = {1$^{st}$ International Workshop on Consuming Linked Data},
  address   = {Shanghai, China},
  year      = {2010}
}

@InProceedings{Fialho:EVENTS10,
  author    = {A. Fialho and R. Troncy and L. Hardman and C. Saathoff and A. Scherp},
  title     = {{What's on this evening? Designing User Support for Event-based Annotation and Exploration of Media}},
  booktitle = {1$^{st}$ International Workshop on EVENTS - Recognising and tracking events on the Web and in real life},
  year      = 2010,
  pages     = {40--54},
  address   = {Athens, Greece}
}

@inproceedings{Xie:08,
    author = {L. Xie and H. Sundaram and M. Campbell},
    booktitle = {Proceedings of the IEEE},
    month = {April},
    number = {4},
    pages = {623--647},
    title = {{Event Mining in Multimedia Streams}},
    volume = {96},
    year = {2008}
}

@article{Bizer:HB09,
  author    = {Christian Bizer and
               Tom Heath and
               Tim Berners-Lee},
  title     = {Linked Data - The Story So Far},
  journal   = {Int. J. Semantic Web Inf. Syst.},
  volume    = {5},
  number    = {3},
  year      = {2009},
  pages     = {1-22}
}

@inproceedings{Sakaki:WWW10,
  author    = {Takeshi Sakaki and
               Makoto Okazaki and
               Yutaka Matsuo},
  title     = {Earthquake shakes Twitter users: real-time event detection
               by social sensors},
  booktitle = {19$^{th}$ International Conference on World Wide Web},
  year      = {2010},
  address   = {Raleigh, North Carolina, USA}
}

@InProceedings{Liu:2011,
  year =        {2011},
  title =       {{Finding media illustrating events}},
  author =      {X. Liu and R. Troncy and B. Huet},
  booktitle =   {1$^{st}$ ACM International Conference on Multimedia Retrieval},
  address =     {Trento, ITALIE}
}

@InProceedings{Becker:WebDB09,
  author    = {H. Becker and M. Naaman and L. Gravano},
  title     = {{Event Identification in Social Media}},
  booktitle = {12$^{th}$ International Workshop on the Web and Databases (WebDB'09)},
  year      = 2009,
  address   = {Providence, USA}
}

@article{Rowe:SWJ12,
  author = {Matthew Rowe and Milan Stankovic},
  journal = {Semantic Web Journal},
  title = {{Aligning Tweets with Events: Automation via Semantics}},
  volume    = {3},
  number    = {2},
  year      = {2012},
  pages     = {115-130}
}

@inproceedings{Xin:SIGMOD05,
   author   = {Xin Dong and  Alon Halevy and Jayant Madhavan},
   title  = {Reference Reconciliation in Complex Information Spaces},
   booktitle  = {ACM SIGMOD International Conference on Management of Data},
   address = {Baltimore, Maryland, USA},
   year  = {2005}
}

@article{Pool:ACM13,
  author = {Pool, Simon and Bonchi, Francesco and van Leeuwen, Matthijs},
  title = {Description-driven community detection},
  journal = {ACM Transactions on Intelligent Systems and Technology},
  month = {August},
  year = {2013}
}

@InProceedings{Cornelis:IICAI05,
  author    = {Chris Cornelis and Xuetao Guo and Jie Lu and Guanquang Zhang},
  title     = {A Fuzzy Relational Approach to Event Recommendation},
  booktitle = {2$^{nd}$ Indian International Conference on Artificial Intelligence},
  year      = {2005},
  address   = {Pune, India}
}

@inproceedings{Juan:cason11,
  author    = {Juan David Cruz and
               C{\'e}cile Bothorel and
               Fran\c{c}ois Poulet},
  title     = {Entropy based community detection in augmented social networks},
  booktitle = {International Conference on Computational Aspects of Social
               Networks (CASoN)},
  year      = {2011},
  pages     = {163-168},
  address   = {Salamanca, Spain}
}

@article{Zhongying:12,
  author    = {Zhongying Zhao and
               Shengzhong Feng and
               Qiang Wang and
               Joshua Zhexue Huang and
               Graham J. Williams and
               Jianping Fan},
  title     = {Topic oriented community detection through social objects
               and link analysis in social networks},
  journal   = {Knowledge-Based Systems},
  volume    = {26},
  year      = {2012},
  pages     = {164-173}
}

@InCollection{Casati:2010,
	author       =	{Casati, Roberto and Varzi, Achille},
	title        =	{Events},
	booktitle    =	{The Stanford Encyclopedia of Philosophy},
	editor       =	{Edward N. Zalta},
	howpublished =	{\url{http://plato.stanford.edu/entries/events}},
	year         =	{2010}
}

@inproceedings{Allan:1998,
 author = {Allan, James and Papka, Ron and Lavrenko, Victor},
 title = {On-line New Event Detection and Tracking},
 booktitle = {21$^{st}$ International ACM SIGIR Conference on Research and Development in Information Retrieval},
 year = {1998},
 address = {Melbourne, Australia}
}

@InProceedings{Shaw:ASWC09,
  author    = {R. Shaw and R. Troncy and L. Hardman},
  title     = {{LODE: Linking Open Descriptions Of Events}},
  booktitle = {4$^{th}$ Asian Semantic Web Conference (ASWC'09)},
  year      = {2009},
  pages     = {153--167},
  address   = {Shanghai, China}
}

@inproceedings{Li:SIGIR05,
 author = {Li, Zhiwei and Wang, Bin and Li, Mingjing and Ma, Wei-Ying},
 title = {A Probabilistic Model for Retrospective News Event Detection},
 booktitle = {28$^{th}$ International ACM SIGIR Conference on Research and Development in Information Retrieval},
 year = {2005},
 address = {Salvador, Brazil},
 pages = {106--113}
}

@inproceedings{Zhang:SIGIR07,
 author = {Zhang, Kuo and Zi, Juan and Wu, Li Gang},
 title = {New Event Detection Based on Indexing-tree and Named Entity},
 booktitle = {30$^{th}$ International ACM SIGIR Conference on Research and Development in Information Retrieval},
 year = {2007},
 address = {Amsterdam, The Netherlands},
 pages = {215--222}
}

@inproceedings{Smith:SIGIR02,
 author = {Smith, David A.},
 title = {Detecting and Browsing Events in Unstructured Text},
 booktitle = {25$^{th}$ International ACM SIGIR Conference on Research and Development in Information Retrieval},
 year = {2002},
 address = {Tampere, Finland},
 pages = {73--80}
}

@inproceedings{Rattenbury:SIGIR0,
 author = {Rattenbury, Tye and Good, Nathaniel and Naaman, Mor},
 title = {Towards Automatic Extraction of Event and Place Semantics from Flickr Tags},
 booktitle = {30$^{th}$ International ACM SIGIR Conference on Research and Development in Information Retrieval},
 year = {2007},
 address = {Amsterdam, The Netherlands},
 pages = {103--110}
}

@article{Scholes:1980,
     title = {Language, Narrative, and Anti-Narrative},
     author = {Robert Scholes},
     journal = {Critical Inquiry},
     volume = {7},
     number = {1},
     pages = {pp. 204-212},
     year = {1980}
}

@book{Allan:2002,
 author = {Allan, James},
 title = {Topic Detection and Tracking: Event-based Information Organization},
 year = {2002},
 publisher = {Kluwer Academic Publishers}
}

@inproceedings{Nakahira:WWW07,
 author = {Nakahira, Katsuko T. and Matsui, Masashi and Mikami, Yoshiki},
 title = {The Use of XML to Express a Historical Knowledge Base},
 booktitle = {16$^{th}$  International Conference on World Wide Web},
 year = {2007},
 address = {Banff, Alberta, Canada}
}


@article{BernersLee:01,
  author = {Berners-Lee, Tim and Hendler, James and Lassila, Ora},
  journal = {Scientific American},
  number = 5,
  pages = {34-43},
  title = {The Semantic Web},
  volume = 284,
  year = {2001}
}


@book{Mika:07,
  author = {Mika, Peter},
  publisher = {Springer},
  series = {Semantic Web and Beyond},
  title = {Social Networks and the Semantic Web},
  volume = 5,
  year = {2007}
}

@misc{Lassila:1999,
	author       =	{Ora Lassila and Ralph R. Swick},
	title        =	{{Resource Description Framework (RDF) Model and Syntax Specification - W3C Recommendation (February 1999)}},
	howpublished =	{\url{http://www.w3.org/TR/1999/REC-rdf-syntax-19990222}}
}


@book{SparckJones:1997,
 editor = {Sparck Jones, Karen and Willett, Peter},
 title = {Readings in Information Retrieval},
 year = {1997},
 publisher = {Morgan Kaufmann Publishers Inc.}
}

@misc{Berners:2005,
	author       =	{Tim Berners-Lee},
	title        =	{{Uniform Resource Identifier (URI): Generic Syntax - RFC 3986 (January 2005)}},
	howpublished =	{\url{http://tools.ietf.org/html/rfc3986}}
}

@misc{Brickley:2014,
	author       =	{Dan Brickley and R.V. Guha},
	title        =	{{RDF Schema 1.1 - W3C Recommendation (February 2014)}},
	howpublished =	{\url{http://www.w3.org/TR/rdf-schema}}
}

@misc{OWL:2012,
	author       =	{W3C OWL Working Group},
	title        =	{{OWL 2 Web Ontology Language  - W3C Recommendation (December 2012)}},
	howpublished =	{\url{http://www.w3.org/TR/owl2-overview}}
}

@misc{LOD:2011,
	author       =	{Richard Cyganiak and Anja Jentzsch},
	title        =	{{The Linking Open Data cloud diagram (September 2011)}},
	howpublished =	{\url{http://lod-cloud.net}}
}


@article{Gruber:1993,
 author = {Gruber, Thomas R.},
 title = {A Translation Approach to Portable Ontology Specifications},
 journal = {Knowledge Acquisition},
 volume = {5},
 year = {1993},
 pages = {199--220},
 publisher = {Academic Press Ltd.}
}

@misc{WS:2004,
	author       =	{David Booth and Hugo Haas and Francis McCabe and Eric Newcomer and Michael Champion and Chris Ferris and David Orchard},
	title        =	{{Web Services Architecture (February 2004)}},
	howpublished =	{\url{http://www.w3.org/TR/ws-arch}}
}


@inproceedings{Gouriten:WWW12,
    author = {G. Gouriten and P. Senellart},
    title = {{API BLENDER: A Uniform Interface to Social Platform APIs}},
    booktitle = {21$^{st}$  World Wide Web Conference},
  	address   = {Lyon, France},
  	year = {2012}
}

@inproceedings{Rizzo:SAM12,
 author = {Rizzo, Giuseppe and Steiner, Thomas and Troncy, Rapha\"{e}l and Verborgh, Ruben and Redondo Garc\'{\i}a, Jos{\'e} Luis and Van de Walle, Rik},
 title = {What Fresh Media Are You Looking for?: Retrieving Media Items from Multiple Social Networks},
 booktitle = {International Workshop on Socially-aware Multimedia},
 year = {2012},
 address = {Nara, Japan}
}

@misc{Foaf:2014,
	author       =	{Dan Brickley and Libby Miller},
	title        =	{{FOAF Vocabulary Specification (January 2014)}},
	howpublished =	{\url{http://xmlns.com/foaf/spec}}
}

@misc{DublinCore:2012,
	author       =	{DCMI Usage Board},
	title        =	{{DCMI Metadata Terms (June 2012)}},
	howpublished =	{\url{http://dublincore.org/documents/dcmi-terms}}
}

@misc{vCard:2013,
	author       =	{Renato Iannella and James McKinney},
	title        =	{{vCard Ontology For describing People and Organisations (September 2013)}},
	howpublished =	{\url{http://www.w3.org/TR/vcard-rdf}}
}

@misc{OwlTime:2013,
	author       =	{Jerry R. Hobbs and Feng Pan},
	title        =	{{Time Ontology in OWL (September 2006)}},
	howpublished =	{\url{http://www.w3.org/TR/owl-time}}
}

@misc{SKOS:2009,
	author       =	{Alistair Miles and Sean Bechhofer},
	title        =	{{SKOS Simple Knowledge Organization System Namespace Document (August 2009)}},
	howpublished =	{\url{http://www.w3.org/2009/08/skos-reference/skos.html}}
}

@misc{MediaOnt:2009,
	author       =	{WonSuk Lee and Werner Bailer and Tobias B\"{u}rger and Pierre-Antoine Champin and Jean-Pierre Evain et al.},
	title        =	{{Ontology for Media Resources 1.0 (February 2012)}},
	howpublished =	{\url{http://www.w3.org/TR/mediaont-10}}
}

@misc{SIOC:2010,
	author       =	{Diego Berrueta and Dan Brickley and Stefan Decker and Sergio Fern\'{a}ndez andChristoph G\"{o}rn et al.},
	title        =	{{SIOC Core Ontology Specification (March 2010)}},
	howpublished =	{\url{http://rdfs.org/sioc/spec}}
}

@article{Doerr:03,
    author = {M. Doerr},
    title = {{The CIDOC Conceptual Reference Module: an Ontological Approach to Semantic Interoperability of Metadata}},
    journal = {AI Magazine},
    volume = {24},
    number = {3},
    pages = {75--92},
    year = {2003}
}

@InProceedings{Raimond:ISMIR07,
  author    = {Y. Raimond and S. Abdallah and M. Sandler and F. Giasson},
  title     = {{The Music Ontology}},
  booktitle = {8$^{th}$ International Conference on Music Information Retrieval (ISMIR'07)},
  year      = 2007,
  address   = {Vienna, Austria}
}

@inproceedings{Lagoze:DCMI01,
 author = {Lagoze, Carl and Hunter, Jane},
 title = {The ABC Ontology and Model},
 booktitle = {International Conference on Dublin Core and Metadata Applications 2001},
 year = {2001},
 address   = {Tokyo, Japan}
}

@InProceedings{Jentzsch:ISWC10,
  author    = {A. Jentzsch and R. Isele and C. Bizer},
  title     = {{Silk - Generating RDF Links while publishing or consuming Linked Data}},
  booktitle = {9$^{th}$ International Semantic Web Conference (ISWC'10)},
  year      = 2010,
  address   = {Shanghai, China}
}


@InProceedings{Niu:OM11,
  author    = {Xing Niu and Shu Rong and Yunlong Zhang and Haofen Wang},
  title     = {Zhishi.links results for OAEI 2011},
  booktitle = {6$^{th}$ International Workshop on Ontology Matching},
  year      = {2011},
  address   = {Bonn, Germany}
}

@InProceedings{Song:ISWC11,
 author    = {Dezhao Song and Jeff Heflin},
 title     = {Automatically Generating Data Linkages Using a Domain-Independent Candidate Selection Approach},
 booktitle = {10$^{th}$ International Semantic Web Conference (ISWC'11)},
 year      = {2011},
 address = {Bonn, Germany}
}

@InProceedings{Nikolov:ESWC12,
 author = {Andriy Nikolov and Mathieu d'Aquin and Enrico Motta},
 title = {Unsupervised learning of link discovery configuration},
 booktitle = {9$^{th}$ Extended Semantic Web Conference},
 year = {2012},
 address = {Heraklion, Crete, Greece}
}

@InProceedings{Corda:IESD12,
  title={An Ontological Approach to Unveiling Connections between Historical Events},
  author={Corda, Ilaria and Dimitrova, Vania and Bennett, Brandon},
  booktitle={International Workshop on Intelligent Exploration of Semantic Data (IESD'12)},
  year={2012},
   address = {Galway,Ireland}
}

@article{Nagargadde:2007,
 author = {Nagargadde, Aparna and Sridhar, V. and Ramamritham, Krithi},
 title = {Representation and Processing of Information Related to Real World Events},
 journal = {Knowledge-Based Systems},
 volume = {20},
 year = {2007},
 pages = {1--16},
 publisher = {Elsevier Science Publishers B. V.}
}

@incollection{Quine:1985,
	author = {Willard V. Quine},
	booktitle = {Actions and Events: Perspectives on the Philosophy of Davidson},
	title = {Events and Reification},
	publisher = {Blackwell},
	year = {1985},
	pages = {162--71}
}

@inproceedings{Bejan:ACL10,
 author = {Bejan, Cosmin Adrian and Harabagiu, Sanda},
 title = {Unsupervised Event Coreference Resolution with Rich Linguistic Features},
 booktitle = {48$^{th}$ Annual Meeting of the Association for Computational Linguistics},
 year = {2010},
 address = {Uppsala, Sweden}
}

@InProceedings{Yeh:LRIR07,
    author = {Jen-yuan Yeh and Jung-yi Lin and Hao-ren Ke and Wei-pang Yang},
    title = {Learning to Rank for Information Retrieval Using Genetic Programming},
    booktitle = {SIGIR Workshop on Learning to rank for Information Retrieval},
    year = {2007}
}

@InProceedings{Eberhart:CEC01,
  author = {Russell C. Eberhart and Yuhui Shi},
  title = {Particle swarm optimization: developments, applications and resources},
  booktitle = {IEEE Congress on Evolutionary Computation},
  year = {2001},
  pages = {81-86},
  volume = {1}
}

@Article{Levenshtein:SPD66,
  author = {Vladimir I. Levenshtein},
  title = {Binary Codes Capable of Correcting Deletions, Insertions and Reversals},
  journal = {Soviet Physics Doklady},
   pages = {707-710},
  volume = {10},
  year = {1966}
}

@Article{Jaccard:BVSN1901,
  author    = {Paul Jaccard},
  title     = {{\'{E}tude comparative de la distribution florale dans une portion des Alpes et des Jura}},
  journal   = {Bulletin del la Soci\'{e}t\'{e} Vaudoise des Sciences Naturelles},
  pages     = {547--579},
  volume    = {37},
  year      = {1901}
}

@Article{Jaro:JASA89,
  author    = {Matthew A. Jaro},
  title     = {{Advances in Record-Linkage Methodology as Applied to Matching the 1985 Census of Tampa, Florida}},
  journal   = {Journal of the American Statistical Association},
  volume    = {84},
  pages     = {414--420},
  year      = 1989
}

@techreport{Winkler:1999,
    author = {Winkler, William E.},
    title = {{The state of record linkage and current research problems}},
    institution = {Statistical Research Division, U.S. Census Bureau},
    year = {1999},
    location = {Wachington, DC}
}

@book{Naumann:2010,
 author = {Naumann, Felix and Herschel, Melanie},
 title = {An Introduction to Duplicate Detection},
 year = {2010},
 publisher = {Morgan and Claypool Publishers}
}

@InProceedings{Kennedy:ICNN95,
    author = {James Kennedy and Russell C. Eberhart},
	title = {Particle swarm optimization},
    booktitle = {the IEEE International Conference on Neural Networks},
	pages = {1942--1948},
	volume = {4},
	year = {1995}
}

@InProceedings{Cohen:IIWeb03,
  author    = {W. Cohen and P. Ravikumar and S. Fienberg},
  title     = {{A Comparison of String Distance Metrics for Name-Matching Tasks}},
  booktitle = {1$^{st}$ International Workshop on Information Integration on the Web (IIWeb'03)},
  year      = 2003,
  pages     = {73--78},
  address   = {Acapulco, Mexico}
}

@inproceedings{Weng:ICWSM11,
  author    = {Jianshu Weng and
               Bu-Sung Lee},
  title     = {Event Detection in Twitter},
  booktitle = {5$^{th}$ International Conference on Weblogs and Social Media},
  address   = {Barcelona, Spain},
  year      = {2011}
}

@inproceedings{Chen:CIKM09,
 author = {Chen, Ling and Roy, Abhishek},
 title = {Event Detection from Flickr Data Through Wavelet-based Spatial Analysis},
 booktitle = {18$^{th}$ ACM Conference on Information and Knowledge Management},
 year = {2009},
 address = {Hong Kong, China}
}

@inproceedings{Becker:ICWSM11,
  author    = {Hila Becker and
               Mor Naaman and
               Luis Gravano},
  title     = {Beyond Trending Topics: Real-World Event Identification on Twitter},
    booktitle = {5$^{th}$ International Conference on Weblogs and Social Media},
  address   = {Barcelona, Spain},
  year      = {2011}
}

@inproceedings{Liu:PCM13,
  author    = {Xueliang Liu and
               Benoit Huet},
  title     = {Event Representation and Visualization from Social Media},
  booktitle = {14$^{th}$ Pacific-Rim Conference on Multimedia},
  address   = {Nanjing, China},
  year      = {2013}
}

@inproceedings{Ebner:ECTEL09,

  author = {Ebner, Martin and Reinhardt, Wolfgang},
  booktitle = {4$^{th}$ European Conference on Technology Enhanced Learning,},
  title = {Social networking in scientific conferences - Twitter as tool for strengthen a scientific community},
  address = {Nice, France},
  year = 2009
}


@inproceedings{Mendes:2010,
 author = {Mendes, Pablo N. and Passant, Alexandre and Kapanipathi, Pavan},
 title = {Twarql: Tapping into the Wisdom of the Crowd},
 booktitle = {6$^{th}$  International Conference on Semantic Systems},
 year = {2010},
 address = {Graz, Austria}
}


@article{Nadeau:2007,
  author = {Nadeau, David and Sekine, Satoshi},
  title = {A Survey of Named Entity Recognition and Classification},
  journal = {Lingvisticae Investigationes},
  number = 1,
   pages = {3--26},
  volume = 30,
  year = 2007,
  publisher = {John Benjamins Publishing Company}
}

@book{Euzenat:2007,
 author = {Euzenat, J{\'e}r\^{o}me and Shvaiko, Pavel},
 title = {Ontology Matching},
 year = {2007},
 publisher = {Springer-Verlag New York, Inc.}
}

@inproceedings{Rizzo:LREC14,
  year =        {2014},
  title =       {{B}enchmarking the extraction and disambiguation of named entities on the semantic web},
  author =      {{R}izzo, {G}iuseppe and  van {E}rp, {M}arieke and  {T}roncy, {R}apha{\"e}l},
  booktitle =   {9$^{th}$ {I}nternational {C}onference on {L}anguage {R}esources and {E}valuation},
  address =     {{R}eykjavik, {ICELAND}}
 }

@InProceedings{Moller:ISWC07,
  author =       {Knud M{\"o}ller and Tom Heath and Siegfried Handschuh and John Domingue},
  title =        {{Recipes for Semantic Web dog food - The ESWC and ISWC metadata projects}},
  booktitle =    {6$^{th}$ International Semantic Web Conference (ISWC'07)},
  year =         {2007},
  pages =        {802--815},
  address =      {Busan, Korea}
}

@Inproceedings{York.PCAI05,
	address = {Covilha, Portugal},
	booktitle = {12$^{th}$ Portuguese Conference on Artificial Intelligence - Progress in Artificial Intelligence},
	title = {The SWRC Ontology - Semantic Web for Research Communities},
	year = {2005},
	author = {York Sure and Stephan Bloehdorn and Peter Haase and Jens Hartmann and Daniel Oberle}
	}

@Article{Hao:AHJ12,
 author = {Hao Wu and Vikram Sorathia and Viktor Prasanna},
 title = {When Diversity Meets Speciality: Friend Recommendation in Online Social Networks},
 journal = {ASE Human Journal},
 volume = {1},
 year = {2012},
 pages = {52-60}
}

@Article{Blei:MLR03,
  author    = {David M. Blei and Andrew Y. Ng and Michael I. Jordan},
  title     = {Latent Dirichlet Allocation},
  journal   = {Journal of Machine Learning Research},
  volume    = {3},
  pages     = {993-1022},
  year      = {2003}
}

@inproceedings{Oscar:ASWC09,
  author    = {{\'O}scar Mu{\~n}oz-Garc\'{\i}a and
               Raul Garcia-Castro},
  title     = {Guidelines for the Specification and Design of Large-Scale
               Semantic Applications},
  booktitle = {4$^{th}$ Annual Asian Semantic Web Conference},
  year      = {2009},
  address =   {Shanghai, China}
}

@inproceedings{Martin:SWA10,
  author = {Martin, Michael and Auer, S{\"o}ren},
  booktitle = {4$^{th}$ International Conference on Advances in Semantic Processing},
  title = {Categorisation of Semantic Web Applications},
  year = 2010,
  address={Florence, Italy}
}

@article{Heitmann:2012,
 author = {Heitmann, Benjamin and Cyganiak, Richard and Hayes, Conor and Decker, Stefan},
 title = {An Empirically Grounded Conceptual Architecture for Applications on the Web of Data},
 journal = {Trans. Sys. Man Cyber Part C},
 volume = {42},
 year = {2012},
 pages = {51--60}
}

@inproceedings{Antonio:LDOW11,
  author    = {Antonio Garrote Hern{\'a}ndez and
               Mar\'{\i}a N. Moreno Garc\'{\i}a},
  title     = {RESTful writable APIs for the web of Linked Data using relational
               storage solutions},
  booktitle = {Workshop on Linked Data on the Web (LDOW'11)},
  address= {Hyderabad, India},
  year      = {2011}
}

@misc{Dave:2011,
	author       =	{Dave Reynolds and Jeni Tennison and Leigh Dodds},
	title        =	{{Resource Description Framework (RDF) Model and Syntax Specification - W3C Recommendation (February 1999)}},
	howpublished =	{\url{https://code.google.com/p/linked-data-api/wiki/Specification}}
}

@inproceedings{Cremonesi:RecSys10,
  author    = {Paolo Cremonesi and Yehuda Koren and Roberto Turrin},
  title     = {Performance of recommender algorithms on top-n recommendation tasks},
  booktitle = {ACM Conference on Recommender Systems (RecSys'10)},
  address= {Barcelona, Spain},
  year      = {2010}
}

@inproceedings{DiNoia:SEMANTICS12,
 author = {Tommaso {Di Noia} and Roberto Mirizzi and Vito Claudio Ostuni and Davide Romito and Markus Zanker},
 title = {Linked Open Data to support Content-based Recommender Systems},
 booktitle = {8$^{th}$ International Conference on Semantic Systems, I-SEMANTICS},
 year = {2012},
 address = {Graz, Austria}
}

@article{Salton:CACM75,
author = {Gerard Salton and A. Wong and C. S. Yang},
title = {A vector space model for automatic indexing},
journal = {Communications of The ACM},
volume = {18},
pages = {613-620},
issue = {11},
month= {November},
year = {1975}
}

@article{Pessemier:MTA12,
  author    = {Toon De Pessemier and Sam Coppens and Kristof Geebelen and Chris Vleugels and Stijn Bannier and Erik Mannens and Kris Vanhecke and Luc Martens},
  title     = {Collaborative recommendations with content-based filters for cultural activities via a scalable event distribution platform},
  journal   = {Multimedia Tools Appl.},
  volume    = {58},
  number    = {1},
  year      = {2012},
  pages     = {167-213},
}

@article{Landauer:1998,
  author = {Landauer, T. K. and Foltz, P. W. and Laham, D.},
  journal = {Discourse Processes},
  pages = {259--284},
  title = {An Introduction to Latent Semantic Analysis},
  volume = {25},
  year = {1998}
}

@article{Landauer:2008,
author = {Landauer, T. K and Dumais, S. },
title   = {{L}atent semantic analysis},
year	= 2008,
journal	= {Scholarpedia},
volume  = 3,
number  = 11,
pages   = {4356}
}


@inproceedings{Quercia:ICDM10,
  author    = {Daniele Quercia and Neal Lathia and Francesco Calabrese and Giusy {Di Lorenzo} and Jon Crowcroft},
  title     = {Recommending Social Events from Mobile Phone Location Data},
  booktitle = {10$^{th}$ IEEE International Conference on Data Mining},
  year      = {2010},
  address = {Sydney, Australia}
}

@InProceedings{Liu:KDD12,
author = {Xingjie Liu and Qi He and Yuanyuan Tian and Wang-Chien Lee and John McPherson and Jiawei Han},
title = {Event-based Social Networks: Linking the Online and Offline Social Worlds},
booktitle = {18$^{th}$ ACM SIGKDD conference on Knowledge Discovery and Data Mining},
Series = {KDD'12},
year = {2012},
address   = {Beijing, China}
}

@incollection{Rojsattarat:2003,
 author = {Rojsattarat, Ekkawut and Soonthornphisaj, Nuanwan},
 booktitle = {Intelligent Data Engineering and Automated Learning},
 publisher={Springer Berlin Heidelberg},
 journal = {Intelligent Data Engineering and Automated Learning},
 pages = {337--344},
 volume={2690},
 title = {{Hybrid Recommendation: Combining Content-Based Prediction and Collaborative Filtering}},
 year = {2003}
}

@inproceedings{Minkov:CIKM10,
  author = {Einat Minkov and Ben Charrow and Jonathan Ledlie and Seth J. Teller and Tommi Jaakkola},
  title = {Collaborative future event recommendation},
  booktitle = {19$^{th}$ ACM Conference on Information and Knowledge Management},
  year = {2010},
  address   = {Toronto, Ontario, Canada}
}

@inproceedings{Lee:RecSys08,
  author    = {Danielle Hyunsook Lee},
  title     = {PITTCULT: trust-based cultural event recommender},
  booktitle = {ACM Conference on Recommender Systems (RecSys'08)},
  address= {Lausanne, Switzerland},
  year      = {2008}
}

@InProceedings{Kayaalp:ASONAM09,
  author = {Mehmet Kayaalp and Tansel \"{O}zyer  and Sibel Tariyan \"{O}zyer},
  title = {A Collaborative and Content Based Event Recommendation System Integrated with Data Collection Scrapers and Services at a Social Networking Site},
  booktitle={International Conference on Advances in Social Networks Analysis and Mining},
  address = {Athens, Greece},
  year = {2009}
}

@InProceedings{Dooms:RecSys11,
  author       = {Simon Dooms and Toon De Pessemier and Luc Martens},
  title        = {A user-centric evaluation of recommender algorithms for an event recommendation system},
  booktitle    = {Workshop on Human Decision Making in RecSys'11},
  address     = {Chicago, IL, USA},
  year         = {2011}
}

@inproceedings{Li:dasfa11a,
  author = {Li, Xiaoli and Tan, Aloysius and Yu, Philip S. and Ng, See-Kiong},
 booktitle={Database Systems for Advanced Applications},
   address = {Hong Kong, China},
  title={ECODE: Event-Based Community Detection from Social Networks},
  year={2011}
}

@inproceedings{Shardanand:SIGCHI95,
 author = {Shardanand, Upendra and Maes, Pattie},
 title = {Social Information Filtering: Algorithms for Automating \&Ldquo;Word of Mouth\&Rdquo;},
 booktitle = {SIGCHI Conference on Human Factors in Computing Systems},
 year = {1995},
 address = {Denver, Colorado, USA}
}




@article{Konstan:2012,
 author = {Konstan, Joseph A. and Riedl, John},
 title = {Recommender Systems: From Algorithms to User Experience},
 journal = {User Modeling and User-Adapted Interaction},
 volume = {22},
 year = {2012},
 publisher = {Kluwer Academic Publishers}
}

@article{Clauset:PR04,
  author = {Clauset, Aaron and Newman, M. E. J. and Moore, Cristopher},
  journal = {Physical Review E},
  keywords = {clustering community large networks toread},
  pages = {066111},
  title = {Finding community structure in very large networks},
  volume = {70},
  year = {2004}
}

@article{Newman:04,
  title = {Finding and evaluating community structure in networks},
  author = {Newman, M. E. J. and Girvan, M.},
  journal = {Phys. Rev. E},
  volume = {69},
  issue = {2},
  pages = {026113},
  year = {2004}
}

@inproceedings{Scott:05,
  author    = {Scott White and
               Padhraic Smyth},
  title     = {A Spectral Clustering Approach To Finding Communities in
               Graph},
  booktitle = {SIAM International Conference on Data Mining},
  year      = {2005},
  pages     = {274-285},
  address   = {Newport Beach, CA, USA}

}

@inproceedings{Thomas:99,
  author    = {Thomas Hofmann},
  title     = {Probabilistic Latent Semantic Indexing},
  booktitle = {22$^{nd}$ Annual International ACM SIGIR Conference on Research and Development in Information Retrieval},
  year      = {1999},
  pages     = {50-57},
  address   = {Berkeley, CA, USA}
}

@inproceedings{Li:2013,
 author = {Li, Liyun and Memon, Nasir},
 title = {Mining Groups of Common Interest: Discovering Topical Communities with Network Flows},
 booktitle = {9$^{th}$ International Conference on Machine Learning and Data Mining in Pattern Recognition},
 year = {2013},
 address = {Berlin, Heidelberg}
}


@inproceedings{Zhou:WWW06,
 author = {Zhou, Ding and Manavoglu, Eren and Li, Jia and Giles, C. Lee and Zha, Hongyuan},
 title = {Probabilistic Models for Discovering e-Communities},
 booktitle = {15$^{th}$ International Conference on World Wide Web},
 year = {2006},
 pages = {173-182},
 address = {New York, NY, USA}
}

@ARTICLE{Blondel:08,
 author = {Blondel, Vincent D. and Guillaume, Jean-Loup and Lambiotte, Renaud and Lefebvre, Etienne},
title = {{F}ast unfolding of communities in large networks},
journal = {{J}ournal of {S}tatistical {M}echanics: {T}heory and {E}xperiment},
volume = {P10008},
year = {2008},
pages = {1-12}
}

@inproceedings{Steyvers:kdd04,
  author    = {Mark Steyvers and
               Padhraic Smyth and
               Michal Rosen-Zvi and
               Thomas L. Griffiths},
  title     = {Probabilistic author-topic models for information discovery},
  booktitle = {ACM SIGKDD International Conference
               on Knowledge Discovery and Data Mining},
  year      = {2004},
  pages     = {306-315}
}

@inproceedings{Dhillon:KDD01,
 author = {Dhillon, Inderjit S.},
 title = {Co-clustering Documents and Words Using Bipartite Spectral Graph Partitioning},
 booktitle = {7$^{th}$ ACM SIGKDD International Conference on Knowledge Discovery and Data Mining},
 year = {2001},
 address = {New York, NY, USA}
}

@article{Griffiths:04,
    author = {Griffiths, Thomas L. and Steyvers, Mark},
    journal = {National Academy of Sciences of the United States of America},
    pages = {5228-5235},
    title = {{Finding scientific topics}},
    volume = {101},
    year = {2004}
}


@inproceedings{Leskovec:WWW08,
 author = {Leskovec, Jure and Lang, Kevin J. and Dasgupta, Anirban and Mahoney, Michael W.},
 title = {Statistical Properties of Community Structure in Large Social and Information Networks},
 booktitle = {17$^{th}$ International Conference on World Wide Web},
 series = {WWW '08},
 year = {2008},
 pages = {695--704},
 address = {New York, NY, USA}
 }

 @inproceedings{Sachan:WWW12,
  author    = {Mrinmaya Sachan and
               Danish Contractor and
               Tanveer A. Faruquie and
               L. Venkata Subramaniam},
  title     = {Using content and interactions for discovering communities
               in social networks},
  booktitle = {21$^{st}$ World Wide Web Conference},
  year      = {2012},
   address = {Lyon, France}
}


@article{Wang:14,
  author    = {Zhu Wang and
               Xingshe Zhou and
               Daqing Zhang and
               Dingqi Yang and
               Zhiyong Yu},
  title     = {Cross-domain community detection in heterogeneous social  networks},
  journal   = {Personal and Ubiquitous Computing},
  volume    = {18},
  number    = {2},
  year      = {2014},
  pages     = {369-383}
}


@article{Rousseeuw:1987,
 author = {Rousseeuw, Peter},
 title = {Silhouettes: A Graphical Aid to the Interpretation and Validation of Cluster Analysis},
 journal = {J. Comput. Appl. Math.},
 volume = {20},
 number = {1},
 year = {1987},
 pages = {53-65}
}

@inproceedings{Han:NCWTW12,
  author    = {Junwei Han and
               Jianwei Niu and
               Alvin Chin and
               Wei Wang and
               Chao Tong and
               Xia Wang},
  title     = {How Online Social Network Affects Offline Events: A Case
               Study on Douban},
  booktitle = {9$^{th}$ International Conference on Ubiquitous Intelligence
               and Computing},
  year      = {2012},
  address =     {Fukuoka, September}

}
@article{McPherson:2001,
  author = {McPherson, Miller and Smith-Lovin, Lynn and Cook, James M},
   title = {Birds of a Feather: Homophily in Social Networks},
  journal = {Annual Review of Sociology},
  number = 1,
  pages = {415-444},
  volume = 27,
  year = {2001}
}

@inproceedings{Baker:1987,
 author = {Baker, James E.},
 title = {Reducing Bias and Inefficiency in the Selection Algorithm},
 booktitle = {2$^{nd}$ International Conference on Genetic Algorithms and Their Application},
 year = {1987},
 address = {Cambridge, Massachusetts, USA}
 }

@article{Jain:2007,
 author = {Jain, Ramesh},
 title = {Toward EventWeb},
 journal = {IEEE Distributed Systems Online},
 volume = {8},
 year = {2007},
 publisher = {IEEE Educational Activities Department}
 }

@misc{Hepp:2010,
	author       =	{Martin Hepp},
	title        =	{{Tickets Ontology}},
	howpublished =	{\url{http://purl.org/tio/ns}}
}

@inproceedings{Vikramaditya:ICTA07,
    author = {Vikramaditya R. Jakkula and Diane J. Cook},
    title = {Learning temporal relations in smart home data},
    booktitle = {2$^{nd}$ International Conference on Technology and Aging},
    year = {2007},
    address={Toronto, Canada}
}

@techreport{Tsymbal:04,
    author = {Alexey Tsymbal},
    title = {The Problem of Concept Drift: Definitions and Related Work},
    institution = {The University of Dublin, Trinity College},
    number = {TCD-CS-2004-15},
    address = {Ireland},
    year = {2004}
}

@inproceedings{Lv:VLDB07,
 author = {Lv, Qin and Josephson, William and Wang, Zhe and Charikar, Moses and Li, Kai},
 title = {Multi-probe LSH: Efficient Indexing for High-dimensional Similarity Search},
 booktitle = {33$^{rd}$ International Conference on Very Large Data Bases},
 year = {2007},
 address = {Vienna, Austria}
}

@inproceedings{Gionis:VLDB99,
 author = {Gionis, Aristides and Indyk, Piotr and Motwani, Rajeev},
 title = {Similarity Search in High Dimensions via Hashing},
 booktitle = {25$^{th}$ International Conference on Very Large Data Bases},
 year = {1999},
 address = {Edinburgh, UK}
}

@article{Dean:2008,
 author = {Dean, Jeffrey and Ghemawat, Sanjay},
 title = {MapReduce: Simplified Data Processing on Large Clusters},
 journal = {Commun. ACM},
 volume = {51},
 number = {1},
 year = {2008}
}

@inproceedings{Nickel:ECML13,
  author    = {Maximilian Nickel and Volker Tresp},
  title     = {Tensor Factorization for Multi-relational Learning},
  booktitle = {Machine Learning and Knowledge Discovery in Databases -European Conference},
  year      = {2013},
  address={Prague, Czech Republic}
}

@inproceedings{Feng:ICNC11,
  author    = {Feng Chen and
               Xinxin Sun and
               Dali Wei and
               Yongning Tang},
  title     = {Tradeoff strategy between exploration and exploitation for PSO},
  booktitle = {7$^{th}$ International Conference on Natural Computation},
  year      = {2011},
   address={Shanghai, China}
}

@inproceedings{Zhang:ISICA07,
 author = {Zhang, Qing and Li, Changhe and Liu, Yong and Kang, Lishan},
 title = {Fast Multi-swarm Optimization with Cauchy Mutation and Crossover Operation},
 booktitle = {2$^{nd}$ International Conference on Advances in Computation and Intelligence},
 year = {2007},
 address = {Wuhan, China}
}


@inproceedings{Fatemi:ICSC13,
  author    = {Maryam Fatemi and Laurissa Tokarchuk},
  title     = {A Community Based Social Recommender System for Individuals {\&} Groups},
  booktitle = {5$^{th}$ International Conference on Social Computing},
  year      = {2013},
  address={Washington, DC, USA}
}

@inproceedings{Shaghayegh:RSWEB11,
  booktitle = {Workshop on Recommender Systems and the Social Web, held in conjunction with ACM RecSys'11},
  title = {Community-Based Recommendations: a Solution to the Cold Start Problem},
  author = {Shaghayegh Sahebi and William Cohen},
  year = {2011},
  address={Chicago, USA}
}

@inproceedings{Bessa:AMW12,
  author    = {Aline Bessa and Alberto H. F. Laender and Adriano Veloso and Nivio Ziviani},
  title     = {Alleviating the Sparsity Problem in Recommender Systems by Exploring Underlying User Communities},
  booktitle = {6$^{th}$ Alberto Mendelzon International Workshop on Foundations of Data Management},
  year      = {2012},
  address={Ouro Preto, Brazil}
}

@techreport{Allen:1994,
 author = {Allen, James F. and Ferguson, George},
 title = {Actions and Events in Interval Temporal Logic},
 year = {1994},
 institution = {University of Rochester}
 }

 @inproceedings{Liao:CIKM13,
  author    = {Guoqiong Liao and
               Yuchen Zhao and
               Sihong Xie and
               Philip S. Yu},
  title     = {An effective latent networks fusion based model for event
               recommendation in offline ephemeral social networks},
  booktitle = {22nd ACM International Conference on Information and Knowledge Management},
  year      = {2013},
  address={San Francisco, USA}
}

@inproceedings{Halevy:2006,
 author = {Halevy, Alon and Rajaraman, Anand and Ordille, Joann},
 title = {Data Integration: The Teenage Years},
 booktitle = {32$^{nd}$ International Conference on Very Large Data Bases},
 year = {2006},
 address = {Seoul, Korea}
}

@article{Shadbolt:SWR06,
 author = {Shadbolt, Nigel and Berners-Lee, Tim and Hall, Wendy},
 title = {The Semantic Web Revisited},
 journal = {IEEE Intelligent Systems},
 volume = {21},
 number = {3},
 year = {2006}
}

@inproceedings{Szomszor:CCGrid05,
  author    = {Martin Szomszor and
               Terry R. Payne and
               Luc Moreau},
  title     = {Using semantic Web technology to automate data integration
               in grid and Web service architectures},
   booktitle = {5$^{th}$ International Symposium on Cluster Computing and the Grid},
  year      = {2005},
  address = {Cardiff, UK}
}

@Article{Deerwester:ASIS90,
    author = {Scott Deerwester and Susan T. Dumais and George W. Furnas and Thomas K. Landauer and Richard Harshman},
    title = {Indexing by latent semantic analysis},
    journal = {Journal of the American Society for Information Science},
    year = {1990},
    volume = {41},
    number = {6},
    pages = {391--407}
}

@InProceedings{Chen:ICHF2009,
 author = {Jilin Chen and Werner Geyer and Casey Dugan and Michael Muller and Ido Guy},
 title = {Make new friends, but keep the old: recommending people on social networking sites},
 booktitle = {27$^{th}$ International Conference on Human Factors in Computing Systems},
 year = {2009},
 address = {Boston, MA, USA}
}

@article{Koren:ICS2009,
 author = {Koren, Yehuda and Bell, Robert and Volinsky, Chris},
 title = {Matrix Factorization Techniques for Recommender Systems},
 journal = {IEEE Computer Society},
 volume = {42},
 year = {2009}
}


@InProceedings{Herlocker:CSCW00,
 author = {Herlocker, Jonathan L. and Konstan, Joseph A. and Riedl, John},
 title = {Explaining collaborative filtering recommendations},
 booktitle = {the 2000 ACM Conference on Computer Supported Cooperative Work},
 year = {2000},
 address = {Philadelphia, Pennsylvania, United States},
 pages = {241--250}
}


@incollection{Prem:2010,
  author    = {Prem Melville and Vikas Sindhwani},
  title     = {Recommender Systems},
  booktitle = {Encyclopedia of Machine Learning},
  year      = {2010},
  pages     = {829-838},
  publisher = {Springer}
}

@inproceedings{Weis:SIGMOD05,
 author = {Weis, Melanie and Naumann, Felix},
 title = {DogmatiX Tracks Down Duplicates in XML},
 booktitle = {ACM SIGMOD International Conference on Management of Data},
 year = {2005},
 address = {Baltimore, Maryland}
}

@inproceedings{Ananthakrishna:VLDB02,
 author = {Ananthakrishna, Rohit and Chaudhuri, Surajit and Ganti, Venkatesh},
 title = {Eliminating Fuzzy Duplicates in Data Warehouses},
 booktitle = {28$^{th}$ International Conference on Very Large Data Bases},
 year = {2002},
 address = {Hong Kong, China}
}

@InProceedings{Monge:KDD96,
  author    = {A. Monge and C. Elkan},
  title     = {{The eld-matching problem: algorithm and applications}},
  booktitle = {2$^{nd}$ International Conference on Knowledge Discovery and Data Mining (KDD'96)},
  year      = 1996,
  address   = {Portland, Oregon}
}

@inproceedings{Ilina:ICWE12,
 author = {Ilina, Elena and Hauff, Claudia and Celik, Ilknur and Abel, Fabian and Houben, Geert-Jan},
 title = {Social Event Detection on Twitter},
 booktitle = {12$^{th}$ International Conference on Web Engineering},
 year = {2012},
 address = {Berlin, Germany}
}

@inproceedings{Juric:2013:DLP:2526120.2526159,
 author = {Juric, Damir and Hollink, Laura and Houben, Geert-Jan},
 title = {Discovering Links Between Political Debates and Media},
 booktitle = {13$^{th}$ International Conference on Web Engineering},
 year = {2013},
 address = {Aalborg, Denmark}
}

@inproceedings{Maniu:2011,
 author = {Maniu, Silviu and Cautis, Bogdan and Abdessalem, Talel},
 title = {Building a Signed Network from Interactions in Wikipedia},
 booktitle = {Databases and Social Networks},
 year = {2011},
 address = {Athens, Greece}
}

@article{Paliouras:2012,
 author = {Paliouras, Georgios},
 title = {Discovery of Web User Communities and Their Role in Personalization},
 journal = {User Modeling and User-Adapted Interaction},
 year = {2012},
 pages = {151--175},
 publisher = {Kluwer Academic Publishers}
}

%==== My publications ========
@inproceedings{Khrouf:OM11,
  author =      {Houda Khrouf and Rapha\"el Troncy},
  title =       {EventMedia Live: Reconciliating Events Descriptions in the Web of Data},
  booktitle =   {6$^{th}$ International Workshop on Ontology Matching (OM'11)},
  year =        {2011},
  address =     {Bonn, Germany}
}

@inproceedings{Khrouf:RAMSS12,
  author =      {Houda Khrouf and Ghislain Atemezing and Giuseppe Rizzo and Rapha\"el Troncy and  Thomas Steiner},
  title =       {{Aggregating Social Media for Enhancing Conference Experience}},
  booktitle =   {1$^{st}$ International Workshop on Real-Time Analysis and Mining of Social Streams (RAMSS'12)},
  year =        {2012},
  address =     {Dublin, Ireland}
}

@article{Khrouf:SWJ12,
  author =      {Houda Khrouf and Rapha\"el Troncy},
  title =       {EventMedia: a {LOD} Dataset of Events Illustrated with Media},
  journal =   {Semantic Web Journal, {S}pecial {I}ssue on {L}inked {D}ataset descriptions},
  year =        {2012}
}

@inproceedings{Khrouf:RecSys2013,
 author = {Khrouf, Houda and Troncy, Rapha\"{e}l},
 title = {Hybrid Event Recommendation Using Linked Data and User Diversity},
 booktitle = {7$^{th}$ ACM Conference on Recommender Systems},
 year = {2013},
 address = {Hong Kong, China}
}

@article{Khrouf:JWS2013,
  year =        {2014},
  title =       {{M}ining events connections on the social web: {R}eal-time instance matching and data analysis in {E}vent{M}edia},
  author =      {{K}hrouf, {H}ouda and  {M}ilicic, {V}uk and  {T}roncy, {R}apha{\"e}l},
  journal =     {Journal of Web Semantics: Science, Services and Agents on the World Wide Web}
}

@inproceedings{Khrouf:ISWC12,
  title={EventMedia live: Exploring events connections in real-time to enhance content},
  author={Khrouf, Houda and Milicic, Vuk and Troncy, Rapah{\"e}l},
  booktitle={Semantic Web Challenge at 11$^{th}$ International Semantic Web Conference},
  address={Boston, USA},
  year={2012}
}

@inproceedings{Khrouf:ESWC12,
  year =        {2012},
  title =       {{C}onfomaton: {A} conference enhancer with social media from the cloud},
  author =      {{K}hrouf, {H}ouda and  {A}temezing, {G}hislain and  {S}teiner, {T}homas and  {R}izzo, {G}iuseppe and  {T}roncy, {R}apha{\"e}l},
  booktitle =   {{ESWC} 2012, 9$^{th}$ {E}xtended {S}emantic {W}eb {C}onference},
  address =     {{H}eraklion, {Greece}}
  }

  @inproceedings{Khrouf:ISWC11,
  year =        {2011},
  title =       {{E}vent{M}edia : visualizing events and associated media},
  author =      {{K}hrouf, {H}ouda and  {T}roncy, {R}apha{\"e}l},
  booktitle={Demo Session at the 10$^{th}$ International Semantic Web Conference},
  address =     {{B}onn, {Germany}},
}

////////////////////////////////////////////////////////////////////////////////

@InProceedings{conf/iir/MirizziNROS12,
Title                = {Movie Recommendation with DBpedia.},
Author               = {Mirizzi, Roberto and Noia, Tommaso Di and Ragone, Azzurra and Ostuni, Vito Claudio and Sciascio, Eugenio Di},
Year                 = {2012},
Series               = {CEUR Workshop Proceedings}
}

@InProceedings{DBLP:conf/i-semantics/RulaZ14,
Title                = {Methodology for Assessment of Linked Data Quality},
Author               = {Anisa Rula and
Amrapali Zaveri},
Booktitle            = {The 1\textsuperscript{st} Workshop on Linked Data Quality co-located
with 10\textsuperscript{th} International Conference on Semantic Systems, LDQ@SEMANTiCS
2014, Leipzig, Germany, September 2nd, 2014.},
Year                 = {2014}
}

@InProceedings{conf/owled/SirinSW08,
Title                = {Opening, Closing Worlds - On Integrity Constraints.},
Author               = {Sirin, Evren and Smith, Michael and Wallace, Evan},
Year                 = {2008}
}

@InProceedings{conf/jcdl/Soergel05,
Title                = {Thesauri and ontologies in digital libraries.},
Author               = {Soergel, Dagobert},
Booktitle            = {JCDL},
Year                 = {2005},
Publisher            = {ACM}
}

@InProceedings{conf/hicss/TaoDM09,
Title                = {Instance Data Evaluation for Semantic Web-Based Knowledge Management Systems.},
Author               = {Tao, Jiao and Ding, Li and McGuinness, Deborah L.},
Booktitle            = {HICSS},
Year                 = {2009},
Pages                = {1--10},
Publisher            = {IEEE Computer Society}
}

@Article{Acosta2013,
Title                = {{Crowdsourcing Linked Data quality assessment}},
Author               = {Acosta, Maribel and Zaveri, Amrapali and Simperl, Elena and Kontokostas, Dimitris},
Journal              = {ISWC 2013},
Year                 = {2013},
Url                  = {http://svn.aksw.org/papers/2013/ISWC\_Crowdsourcing/public.pdf}
}

@InProceedings{Agrawal94fastalgorithms,
Title                = {Fast algorithms for mining association rules},
Author               = {Rakesh Agrawal and Ramakrishnan Srikant},
Booktitle            = {Proc. of 20\textsuperscript{th} Intl. Conf. on VLDB},
Year                 = {1994},
Pages                = {487--499}
}

@InProceedings{assaf2012,
 author = {Assaf, Ahmad and Senart, Aline},
 title = {Data Quality Principles in the Semantic Web},
 booktitle = {Proceedings of the 2012 IEEE Sixth International Conference on Semantic Computing},
 series = {ICSC '12}
}

@TechReport{w3c-prov-o,
Title                = {PROV-O: The PROV Ontology},
Author               = {Belhajjame, Khalid and Cheney, James and Corsar, David and Garijo, Daniel and Soiland-Reyes, Stian and Zednik, Stephan and Zhao, Jun},
Year                 = {2012}
}

@InProceedings{Berrueta08cookinghttp,
Title                = {Cooking HTTP content negotiation with Vapour},
Author               = {Diego Berrueta and Sergio Fern$\sqrt{}$$\deg$ndez and Iv$\sqrt{}$$\deg$n Frade},
Booktitle            = {4\textsuperscript{th} workshop on Scripting for the Semantic Web 2008 (SFSW2008). co-located with ESWC2008},
Year                 = {2008}
}

@PhdThesis{citeulike:2925559,
Title                = {{Quality-Driven Information Filtering in the Context of Web-Based Information Systems}},
Author               = {Bizer, Christian},
Year                 = {2007},
Day                  = {13},
Keywords             = {assurance, dimensions, information, quality}
}

@Article{Bizer:2009:QIF:1482178.1482280,
Title                = {Quality-driven Information Filtering Using the WIQA Policy Framework},
Author               = {Bizer, Christian and Cyganiak, Richard},
Journal              = {Web Semant.},
Publisher            = {Elsevier Science Publishers B. V.}
}

@INPROCEEDINGS{6816740,
author               = {Abedjan, Z. and Gruetze, T. and Jentzsch, A. and Naumann, F.},
booktitle            = {Data Engineering (ICDE), 2014 IEEE 30th International Conference on},
title                = {Profiling and mining RDF data with ProLOD++},
year                 = {2014},
month                = {March},
pages                = {1198-1201}
}
@inproceedings{makela-aether-2014,
author               = {Eetu Mäkelä},
title                = {Aether -- Generating and Viewing Extended VoID Statistical Descriptions of RDF Datasets},
year                 = {2014},
booktitle            = {ESWC 2014 demo track, Springer-Verlag},
}

@article{DBLP:journals/corr/DebattistaLLA14,
author               = {Jeremy Debattista and Santiago Londo{\~{n}}o and Christoph Lange and S{\"{o}}ren Auer},
title                = {{LUZZU} - {A} Framework for Linked Data Quality Assessment},
journal              = {CoRR},
volume               = {abs/1412.3750},
year                 = {2014},
url                  = {http://arxiv.org/abs/1412.3750},
timestamp            = {Fri, 02 Jan 2015 10:05:22 +0100},
biburl               = {http://dblp.uni-trier.de/rec/bib/journals/corr/DebattistaLLA14},
bibsource            = {dblp computer science bibliography, http://dblp.org}
}

@inproceedings{conf/i-semantics/Verlic12,
author               = {Verlic, Mateja},
booktitle            = {{I-SEMANTICS (Posters \& Demos)}},
publisher            = {CEUR-WS.org},
title                = {LODGrefine - LOD-enabled Google Refine in Action.},
year                 = 2012
}

@inproceedings{demter-2012-ekaw,
added-at             = {2015-01-20T16:11:54.000+0100},
author               = {Demter, Jan and Auer, S{\"o}ren and Martin, Michael and Lehmann, Jens},
biburl               = {http://www.bibsonomy.org/bibtex/2800f1f1f38061de624a76dcb376a7462/aksw},
booktitle            = {EKAW 2012},
publisher            = {Springer},
series               = {Lecture Notes in Computer Science (LNCS) 7603},
title                = {LODStats---An Extensible Framework for High-performance Dataset Analytics},
url                  = {http://svn.aksw.org/papers/2011/RDFStats/public.pdf},
year                 = 2012
}

@Other{bizer2011,
Title                = {State of the LOD Cloud},
Author               = {Bizer, Chris and Jentzsch, Anja and Cyganiak, Richard},
Url                  = {http://lod-cloud.net/state/},
Year                 = {2011}
}

@Article{bizer_dbpedia_2009,
Title                = {{DBpedia} - A crystallization point for the Web of Data},
Author               = {Bizer, Christian and Lehmann, Jens and Kobilarov, Georgi and Auer, S$\sqrt{}$$\partial$ren and Becker, Christian and Cyganiak, Richard and Hellmann, Sebastian},
Journal              = {Web Semantics: Science, Services and Agents on the World Wide Web},
Year                 = {2009},
Urldate              = {2013-04-12}
}

@Article{Bleiholder:2009,
Title                = {Data fusion},
Author               = {Bleiholder, Jens and Naumann, Felix},
Journal              = {ACM Comput. Surv.},
Year                 = {2009},
Publisher            = {ACM}
}

@Article{Bohm2010,
Title                = {{Pro{\^{O}}{\"{}}{\AA}ling Linked Open Data with ProLOD}},
Author               = {Bohm, Christophe and Naumann, Felix and Abedjan, Ziawasch and Dandy, Fenz and Grutze, Toni and Hefenbrock, Daniel and Pohl, Matthias and Sonnabend, David},
Journal              = {ICDE 2010},
Year                 = {2010}
}

@Article{Boyd2011,
Title                = {{Six provocations for big data}},
Author               = {Boyd, D and Crawford, Kate},
Journal              = {A Decade in Internet Time: Symposium on the Dynamics of the Internet and Society},
Year                 = {2011}
}

@InProceedings{Brin:1998,
Title                = {The anatomy of a large-scale hypertextual Web search engine},
Author               = {Brin, Sergey and Page, Lawrence},
Booktitle            = {The seventh international conference on World Wide Web 7},
Year                 = {1998}
}

@Article{Buil-Aranda2013,
Title                = {{SPARQL Web-Querying Infrastructure: Ready for Action?}},
Author               = {Buil-Aranda, C and Hogan, Aidan},
Journal              = {International \ldots},
Year                 = {2013}
}

@Misc{Chakrabarti99miningthe,
Title                = {Mining the Web's Link Structure},
Author               = {Soumen Chakrabarti and Byron E. Dom and S. Ravi Kumar and Prabhakar Raghavan and Sridhar Rajagopalan and Andrew Tomkins and David Gibson and Jon Kleinberg},
Year                 = {1999}
}

@Article{DAquin2009,
Title                = {{Formally measuring agreement and disagreement in ontologies}},
Author               = {D'Aquin, M},
Journal              = {K-CAP 09},
Year                 = {2009}
}

@Article{Delbru2010,
Title                = {{Sindice at SemSearch 2010}},
Author               = {Delbru, Renaud},
Journal              = {WWW10},
Year                 = {2010}
}

@Article{Delbru2010a,
Title                = {{Hierarchical link analysis for ranking web data}},
Author               = {Delbru, Renaud and Toupikov, Nickolai and Catasta, Michele},
Journal              = {The Semantic Web: Research and Applications},
Year                 = {2010}
}

@Article{Ding2004,
Title                = {{Swoogle: A semantic web search and metadata engine}},
Author               = {Ding, L and Finin, Tim and Joshi, A and Pan, R and Cost, RS},
Journal              = {CIKM04},
Year                 = {2004}
}

@Article{Ding2005a,
Title                = {{Tracking rdf graph provenance using rdf molecules}},
Author               = {Ding, Li and Finin, Tim and Peng, Yun},
Journal              = {ISWC 2005},
Year                 = {2005}
}

@Article{Ding2005,
Title                = {{Finding and ranking knowledge on the semantic web}},
Author               = {Ding, Li and Pan, Rong and Finin, Tim and Joshi, Anupam},
Journal              = {ISWC 2005},
Year                 = {2005}
}

@Article{Duque-ramos2011,
Title                = {{OQuaRE : A SQuaRE-based Approach for Evaluating the Quality of Ontologies}},
Author               = {Duque-ramos, Astrid and Fern\'{a}ndez-breis, Jesualdo Tom\'{a}s and Stevens, Robert and Aussenac-gilles, Nathalie},
Journal              = {Journal of Research and Practice in Information Technology, Software Engineering and Semantic Web Technologies},
Year                 = {2011}
}

@Article{Furber2011a,
Title                = {{SWIQA - A Semantic Web information quality assessment framework}},
Author               = {F\"{u}rber, C and Hepp, M},
Journal              = {ECIS 2011},
Year                 = {2011},
Keywords             = {data quality,information quality,linked data,semantic web,sparql,trust},
Url                  = {http://aisel.aisnet.org/ecis2011/76/}
}

@Article{Furber2010,
Title                = {{Using semantic web resources for data quality management}},
Author               = {F\"{u}rber, Christian and Hepp, Martin},
Journal              = {Knowledge Engineering and Management by the \ldots},
Year                 = {2010}
}

@Article{Furber2010a,
Title                = {{Using SPARQL and SPIN for Data Quality Management on the Semantic Web}},
Author               = {F\"{u}rber, Christian and Hepp, Martin},
Journal              = {Business Information Systems},
Year                 = {2010}
}

@Article{Furber2010b,
Title                = {{Using SPARQL and SPIN for data quality management on the Semantic Web}},
Author               = {F\"{u}rber, Christian and Hepp, Martin},
Journal              = {Business Information Systems},
Year                 = {2010}
}

@Other{flemming2010,
Title                = {Quality Characteristics of Linked Data Publishing Datasources},
Author               = {Flemming,A},
School               = {Humboldt-Universität zu Berlin},
Year                 = {2010}
}

@Article{Flouris2012,
Title                = {{Using provenance for quality assessment and repair in linked open data}},
Author               = {Flouris, Giorgos and Roussakis, Yannis and Poveda-Villal\'{o}n, M},
Year                 = {2012},
Pages                = {1--12}
}

@Article{Framework2012,
Title                = {{Quality Assessment Methodologies for Linked Open Data}},
Author               = {Framework, Conceptual and Zaveri, Amrapali and Rula, Anisa and Maurino, Andrea and Pietrobon, Ricardo and Lehmann, Jens},
Journal              = {Under review, Semantic Web Journal},
Year                 = {2012}
}

@Article{Gamble2011,
Title                = {{Quality, Trust, and Utility of Scienti{\^{O}}{\"{}}{\AA}c Data on the Web: Towards a Joint Model.pdf}},
Author               = {Gamble, Matthew},
Journal              = {WebSci'11},
Year                 = {2011}
}

@InProceedings{Gueret2012,
Title                = {Assessing Linked Data Mappings Using Network Measures},
Author               = {Gu{\'e}ret, Christophe and Groth, Paul T. and Stadler, Claus and Lehmann, Jens},
Booktitle            = {The 9\textsuperscript{th} Extended Semantic Web Conference},
Year                 = {2012}
}

@inproceedings{Kontokostas:2014:TEL:2566486.2568002,
author               = {Kontokostas, Dimitris and Westphal, Patrick and Auer, S\"{o}ren and Hellmann, Sebastian and Lehmann, Jens and Cornelissen, Roland and Zaveri, Amrapali},
title                = {Test-driven Evaluation of Linked Data Quality},
booktitle            = {Proceedings of the 23rd International Conference on World Wide Web},
year                 = {2014}
}

@Book{harpring_introduction_2010,
Title                = {Introduction to Controlled Vocabularies: Terminology for Art, Architecture, and Other Cultural Works},
Author               = {Harpring, Patricia},
Publisher            = {Getty Research Institute},
Year                 = {2010}
}

@Article{Harth2009,
Title                = {{Using naming authority to rank data and ontologies for web search}},
Author               = {Harth, Andreas and Kinsella, Sheila and Decker, Stefan},
Journal              = {ISWC 2009},
Year                 = {2009}
}

@inproceedings{conf/otm/RuckhausBV13,
author               = {Ruckhaus, Edna and Baldizan, Oriana and Vidal, Maria-Esther},
booktitle            = {OTM Workshops},
series               = {Lecture Notes in Computer Science},
title                = {Analyzing Linked Data Quality with LiQuate.},
year                 = 2013
}

@InProceedings{Hartig09usingweb,
Title                = {Using web data provenance for quality assessment},
Author               = {Olaf Hartig and Jun Zhao},
Booktitle            = {In: Proc. of the Workshop on Semantic Web and Provenance Management at ISWC},
Year                 = {2009}
}

@InProceedings{cs142,
Title                = {{DS}Notify: Detecting and Fixing Broken Links in Linked Data Sets},
Author               = {Bernhard Haslhofer and Niko Popitsch},
Booktitle            = {8th International Workshop on Web Semantics (WebS \&\#8217;09), co-located with DEXA 2009},
Year                 = {2009}
}

@InProceedings{Hogan06reconrank:a,
Title                = {ReConRank: A Scalable Ranking Method for Semantic Web Data with Context},
Author               = {Aidan Hogan and Andreas Harth and Stefan Decker},
Booktitle            = {In 2\textsuperscript{nd} Workshop on Scalable Semantic Web Knowledge Base Systems},
Year                 = {2006}
}

@Article{Hogan2010,
Title                = {{Weaving the pedantic web}},
Author               = {Hogan, Aidan and Harth, Andreas and Passant, Alexandre and Decker, Stefan and Polleres, Axel},
Journal              = {LDOW 2010},
Year                 = {2010}
}

@Article{Hogan:2012:ESL:2263498.2264570,
Title                = {An empirical survey of Linked Data conformance},
Author               = {Hogan, Aidan and Umbrich, J\"{u}Rgen and Harth, Andreas and Cyganiak, Richard and Polleres, Axel and Decker, Stefan},
Journal              = {Web Semant.},
Year                 = {2012}
}

@inproceedings{DBLP:conf/www/Debattista0A14,
author               = {Jeremy Debattista and Christoph Lange and S{\"{o}}ren Auer},
title                = {daQ, an Ontology for Dataset Quality Information},
booktitle            = {Workshop on Linked Data on the Web co-located with the 23rd International World Wide Web Conference {(WWW} 2014), Seoul, Korea, April 8, 2014.},
year                 = {2014}
}

@Misc{skosprimer,
Title                = {SKOS Simple Knowledge Organization System Primer},

Author               = {Isaac, Antoine and Summers, Ed},
HowPublished         = {World Wide Web Consortium, Working Draft WD-skos-primer-20080829},
Month                = aug,
Year                 = {2008}
}

@Book{juran-j-1999-quality,
Title                = {Juran's quality handbook},
Author               = {Juran, Joseph. M. and Godfrey, A. Blanton},
Publisher            = {McGraw Hill},
Year                 = {1999}
}

@Article{Kahn2002,
Title                = {{Information quality benchmarks: product and service performance}},
Author               = {Kahn, Beverly K. and Strong, Diane M. and Wang, Richard Y.},
Journal              = {Communications of the ACM},
Year                 = {2002}
}

@Article{Kleinberg:1999,
Title                = {Authoritative sources in a hyperlinked environment},
Author               = {Kleinberg, Jon M.},
Journal              = {J. ACM},
Year                 = {1999}
}

@Article{Kontokostas2013,
Title                = {{TripleCheckMate: A Tool for Crowdsourcing the Quality Assessment of Linked Data}},
Author               = {Kontokostas, Dimitris and Zaveri, Amrapali and Auer, S and Lehmann, J},
Journal              = {4th Conference on Knowledge Engineering and Semantic Web},
Year                 = {2013}
}

@TechReport{Lawrence981,
Title                = {The PageRank Citation Ranking: Bringing Order to the Web},
Author               = {Lawrence, Page and Sergey, Brin and Motwani, Rajeev and Winograd, Terry},
Institution          = {Stanford University},
Year                 = {1998},
Type                 = {Technical Report}
}

@InProceedings{Lei:2007:FES:1298406.1298431,
Title                = {A framework for evaluating semantic metadata},
Author               = {Lei, Yuangui and Uren, Victoria and Motta, Enrico},
Booktitle            = {The 4\textsuperscript{th} international conference on Knowledge capture},
Year                 = {2007}
}

@Article{journals/ires/Living10,
Title                = {Review of: Hedden, Heather. The accidental taxonomist Medford, NJ: Information Today, Inc., 2010.},
Author               = {Living, Henry},
Journal              = {Inf. Res.},
Year                 = {2010}
}

@Article{Mader2013,
Title                = {{Perception and Relevance of Quality Issues in Web Vocabularies}},
Author               = {Mader, Christian and Haslhofer, Bernhard},
Journal              = {I-SEMANTICS 2013},
Year                 = {2013}
}

@Article{Mader2012,
Title                = {{Finding quality issues in SKOS vocabularies}},
Author               = {Mader, Christian and Haslhofer, Bernhard and Isaac, Antoine},
Journal              = {Theory and Practice of Digital Libraries},
Year                 = {2012}
}

@Article{Madnick2006,
Title                = {{Improving data quality through effective use of data semantics}},
Author               = {Madnick, Stuart and Zhu, Hongwei},
Journal              = {Data \& Knowledge Engineering},
Year                 = {2006}
}

@Article{MamoruOhtaiKoujiKozaki2011,
Title                = {{A Quality Assurance Framework for Ontology Construction and Re{\^{O}\"{}\AA}nement.pdf}},
Author               = {{Mamoru Ohtai, Kouji Kozaki}, and Riichiro Mizoguchi},
Journal              = {Web Intelligence Conference (AWIC2011)},
Year                 = {2011}
}

@InProceedings{Marie:2013:DHO:2506182.2506185,
Title                = {Discovery Hub: On-the-fly Linked Data Exploratory Search},
Author               = {Marie, Nicolas and Gandon, Fabien and Ribi\`{e}re, Myriam and Rodio, Florentin},
Booktitle            = {The 9\textsuperscript{th} International Conference on Semantic Systems},
Year                 = {2013}
}

@Article{Mendes2012,
Title                = {{Sieve: linked data quality assessment and fusion}},
Author               = {Mendes, PN and M\"{u}hleisen, Hannes and Bizer, Christian},
Journal              = {LWDM2012 - Proceedings of the 2012 Joint EDBT},
Year                 = {2012}
}

@InProceedings{Mendes:2011:DSS:2063518.2063519,
Title                = {DBpedia Spotlight: Shedding Light on the Web of Documents},
Author               = {Mendes, Pablo N. and Jakob, Max and Garc\'{\i}a-Silva, Andr{\'e}s and Bizer, Christian},
Booktitle            = {The 7\textsuperscript{th} International Conference on Semantic Systems},
Year                 = {2011}
}

@Misc{w3c_skos_rec,
Title                = {SKOS Simple Knowledge Organization System Reference. W3{C} Recommendation 18~{A}ugust 2009.},

Author               = {Miles, A. and Bechhofer, S.},
Year                 = {2009}
}

@Article{Moulton2001,
Title                = {{Cross-organizational data quality and semantic integrity: learning and reasoning about data semantics with context interchange mediation}},
Author               = {Moulton, Allen and Madnick, S and Siegel, M},
Journal              = {MIT Sloan},
Year                 = {2001}
}

@Article{Oren_sindice.com:a,
Title                = {Sindice.com: A document-oriented lookup index for open linked data},
Author               = {Eyal Oren and Renaud Delbru and Michele Catasta and Richard Cyganiak and Giovanni Tummarello},
Journal              = {International Journal of Metadata, Semantics and Ontologies},
Pages                = {2008},
Volume               = {3}
}

@Book{organization2005guidelines,
Title                = {Guidelines for the Construction, Format, and Management of Monolingual Controlled Vocabularies},
Author               = {Organization, N.I.S. and National Information Standards Organization (U.S.)},
Publisher            = {NISO Press},
Year                 = {2005},
Series               = {National information standards series}
}

@Article{Pernici2003,
Title                = {{Data quality in web information systems}},
Author               = {Pernici, Barbara and Scannapieco, Monica},
Journal              = {Journal on Data Semantics I},
Year                 = {2003}
}

@InCollection{oops,
Title                = {Validating Ontologies with {OOP}S!},
author               ={Poveda-Villalón, María and Suárez-Figueroa, MariCarmen and Gómez-Pérez, Asunción},
Booktitle            = {Knowledge Engineering and Knowledge Management},
Publisher            = {Springer Berlin Heidelberg},
Year                 = {2012}
}

@Article{Rula2011,
Title                = {{DC proposal: towards linked data assessment and linking temporal facts}},
Author               = {Rula, Anisa},
Journal              = {ISWC 2011},
Year                 = {2011}
}

@Article{Sanchez2013,
Title                = {{Using {SW}ET-QUM to Compare the Quality in Use of Semantic Web Exploration Tools}},
Author               = {S\'{a}nchez, JLG and Garc\'{\i}a, Roberto and Brunetti, JM},
Journal              = {Journal of Universal Computer Science},
Year                 = {2013}
}

@Article{Shanks1999,
Title                = {{Understanding data quality: Social and cultural aspects}},
Author               = {Shanks, Graeme and Corbitt, B},
Journal              = {The 10th Australasian Conference on \ldots},
Year                 = {1999}
}

@Article{j.websem208,
Title                = {Modeling and evaluation of trust with an extension in semantic web},
Author               = {Saeedeh Shekarpour and S.D. Katebi},
Journal              = {Web Semantics: Science, Services and Agents on the World Wide Web},
Year                 = {2010}
}

@Article{Stvilia2007,
Title                = {{A framework for information quality assessment}},
Author               = {Stvilia, Besiki and Gasser, Les and Twidale, Michael B. and Smith, Linda C.},
Journal              = {Journal of the American Society for Information Science and Technology},
Year                 = {2007},
ISSN                 = {15322882}
}

@inproceedings{wasabi_crocus,
author               = {Cherix, Didier and Usbeck, Ricardo and Both, Andreas and Lehmann, Jens},
booktitle            = {Proceedings of the 2nd International Workshop on Semantic Web Enterprise Adoption and Best Practice},
title                = {{CROCUS}: Cluster-based ontology data cleansing},
year                 = 2014
}

@Article{Lehmann_dl-learner:learning,
author               = {Jens Lehmann and Soeren Sonnenburg},
title                = {DL-Learner: Learning Concepts in Description Logics},
Journal              = { Journal of Machine Learning Research},
year                 = {2009}
}

@inproceedings{DBLP:conf/ic3k/KeetSP13,
author                         = {C. Maria Keet and Mar{\'{\i}}a del Carmen Su{\'{a}}rez{-}Figueroa and Mar{\'{\i}}a Poveda{-}Villal{\'{o}}n},
title                = {The Current Landscape of Pitfalls in Ontologies},
booktitle            = {{KEOD} 2013 - Proceedings of the International Conference on Knowledge Engineering and Ontology Development, Vilamoura, Algarve, Portugal, 19-22 September, 2013},
year                 = {2013}
}

@InProceedings{Suominen:2012:IQS:2413941.2413985,
Title                = {Improving the quality of SKOS vocabularies with skosify},
Author               = {Suominen, Osma and Hyv\"{o}nen, Eero},
Booktitle            = {The 18\textsuperscript{th} international conference on Knowledge Engineering and Knowledge Management},
Year                 = {2012}
}

@Article{Suominen2013,
Title                = {{Assessing and Improving the Quality of SKOS Vocabularies}},
Author               = {Suominen, Osma and Mader, Christian},
Journal              = {Journal on Data Semantics},
Year                 = {2013}
}

@Article{Tartir2005,
Title                = {{OntoQA : Metric-Based Ontology Quality Analysis University of Georgia}},
Author               = {Tartir, Samir and Arpinar, I Budak and Moore, Michael and Sheth, Amit P and Aleman-meza, Boanerges},
Journal              = {IEEE Workshop on Knowledge Acquisition from Distributed, Autonomous, Semantically Heterogeneous Data and Knowledge Sources},
Year                 = {2005}
}

@TechReport{tim:linkedata,
Title                = {Linked Data},
Author               = {Tim,Berners-Lee},
Institution          = {W3C},
Year                 = {2006}
}

@Article{Toupikov2009,
Title                = {{DING! Dataset ranking using formal descriptions}},
Author               = {Toupikov, Nickolai and Umbrich, J and Delbru, Renaud},
Journal              = {WWW09},
Year                 = {2009}
}

@Article{Vandenbussche2013,
Title                = {{Monitoring the Status of SPARQL Endpoints}},
Author               = {Vandenbussche, PY and Aranda, CB and Hogan, Aidan and Umbrich, J},
Journal              = {ISWC 2013},
Year                 = {2013}
}

@Article{Wang1996,
Title                = {{Beyond accuracy: What data quality means to data consumers}},
Author               = {Wang, RY and Strong, DM},
Journal              = {Journal of management information systems},
Year                 = {1996}
}

@Article{Wood2010,
Title                = {{The Equation between Semantics and Data Quality}},
Author               = {Wood, Stephen},
Journal              = {Other Conferences},
Year                 = {2010}
}
