@article{BizerHeath2009,
author = {Bizer, Christian and Heath, T and Berners-Lee, T},
journal = {International Journal on Semantic Web and Information Systems},
title = {{Linked Data - The Story So Far}},
url = {http://www.citeulike.org/user/omunoz/article/5008761},
year = {2009}
}

@article{Boyd2011,
author = {Boyd, D and Crawford, Kate},
journal = {A Decade in Internet Time: Symposium on the Dynamics of the Internet and Society},
title = {{Six provocations for big data}},
year = {2011}
}

@incollection{semwebprofiling,
year={2012},
booktitle={Web Information Systems and Mining},
title={Data Profiling for Semantic Web Data},
author={Li, Huiying}
}